2072 3146
230 132 378 175 XXIV
882 130 1235 175 PRAEFATIO.

231 251 336 306 ipsa
371 249 574 294 editione
608 249 866 293 derivatum
898 263 995 293 esse
1029 263 1280 304 sumemus,
1319 265 1427 294 nam
1459 252 1506 293 et
1538 249 1815 306 subscriptio
1847 250 1907 293 ad

232 308 499 353 Terentium
524 311 579 352 et
601 309 835 352 Donatum
861 311 1041 365 spectat
1065 310 1111 352 et
1136 308 1416 352 didascalias
1433 309 1751 366 Adelphorum
1765 309 1907 352 Phor-

231 368 513 423 mionisque,
554 382 668 423 quas
706 367 914 422 exhibet,
953 367 1002 410 in
1034 367 1306 424 Calphurnii
1337 369 1626 424 autographo
1659 367 1907 412 commenti

230 426 430 471 Donatei
454 426 685 471 exstitisse
710 427 785 469 vix
809 429 879 470 est
903 426 1138 471 credibile.
1180 426 1434 471 Ritschelio
1458 427 1637 471 variam
1659 427 1907 471 lectionem

231 486 291 529 ad
323 485 511 529 Terenti
541 485 685 528 vitam
718 484 959 542 exscripsit
988 485 1212 529 Ribbeck.

351 547 422 602 32)
456 545 638 588 Codex
668 544 1027 588 Matritensis
1060 545 1171 601 Reg.
1199 551 1224 588 2
1256 546 1292 587 B
1319 551 1346 588 4
1371 545 1660 604 s.XVsXV1
1724 544 1907 588 Titulus

231 604 355 648 idem
388 606 459 647 est
490 604 569 659 qui
594 603 833 647 Urbinatis
859 603 1046 659 codicis,
1078 606 1131 647 ut
1129 581 1293 648 C>facile
1317 607 1535 647 nascatur
1559 603 1760 660 suspicio
1784 604 1907 647 hunc

231 677 412 718 quoque
446 677 499 706 ex
529 662 802 718 Calphuinii
833 661 1038 706 editione
1068 663 1399 720 transcriptum
1432 677 1543 707 esse.
1570 690 1623 696 —-
1651 664 1703 708 V.
1730 663 1907 718 Loewe,

231 722 349 766 Bibl.
383 724 500 779 pati.
535 722 615 765 lat.
648 721 842 778 Hispan.
870 726 976 775 4653
1009 722 1126 766 Mus.
1158 722 1303 767 Rhen.
1337 723 1415 765 LII
1440 728 1507 767 98.

350 784 421 836 33)
463 781 645 824 Codex
683 780 1104 824 Escurialensis
1136 782 1173 825 E
1197 782 1260 824 ΠΙ
1286 787 1310 825 3
1337 795 1368 825 s,
1395 781 1491 826 XV.
1571 781 1634 826 Cf.
1669 781 1906 835 Dziatzko‚

229 841 346 884 Ann.
367 839 528 896 philol.
556 839 702 896 suppl.
729 840 770 882 X
795 844 879 883 695
910 841 1014 884 adn.
1045 845 1093 894 13
1130 840 1284 884 ‘Studi
1307 840 1509 883 italiani’
1536 841 1598 883 ΠΙ
1624 845 1709 884 330
1734 841 1839 884 adn.
1869 847 1904 885 1.

349 902 420 955 34)
466 899 647 943 Codex
692 898 1097 943 Londiniensis
1146 900 1283 944 Burn.
1313 905 1393 942 171
1437 900 1552 956 plut.
1583 904 1665 943 162
1690 900 1729 943 D
1764 914 1797 944 s.
1823 899 1906 942 XV

230 959 501 1002 chartaceus
540 957 757 1002 foliorum
782 962 866 1001 205
915 958 988 1014 (cf.
1023 958 1168 1003 Catal.
1217 959 1269 1003 of
1301 959 1531 1004 Manuscr.
1578 958 1628 1002 in
1673 959 1753 1003 the
1791 958 1905 1002 Brit.

229 1018 343 1061 Mus,
370 1018 390 1060 I
432 1033 475 1074 p.
504 1019 589 1073 54).
676 1016 894 1060 Continet
937 1017 1146 1074 Hecyrae
1195 1021 1503 1062 commentum
1548 1018 1803 1074 integrum3
1857 1017 1906 1060 in

231 1077 482 1133 archetypo
516 1075 796 1120 scholiorum
820 1075 960 1121 series
986 1077 1046 1120 ad
1070 1077 1249 1122 Phorm.
1275 1078 1318 1120 II
1344 1083 1368 1120 3
1401 1078 1606 1122 nondum
1629 1077 1773 1121 fuisse
1802 1090 1909 1120 con-

229 1136 354 1180 fusas
395 1137 502 1179 sunt
541 1149 659 1191 quae
701 1135 910 1180 doceant.
982 1135 1154 1179 Textus
1194 1136 1344 1180 forma
1383 1136 1425 1179 ei
1465 1151 1604 1191 quam
1635 1135 1908 1181 Dresdensis

230 1194 420 1238 exhibet
451 1194 627 1239 similis.

347 1257 419 1311 35)
460 1254 642 1298 Codex
680 1253 1085 1298 Londiniensis
1118 1255 1236 1299 Add.
1273 1258 1415 1298 21083
1446 1254 1562 1311 plut.
1590 1255 1732 1298 227A
1764 1269 1796 1298 s.
1822 1254 1909 1297 XV

229 1314 498 1357 chartaceus
531 1318 585 1357 85
626 1313 843 1357 foliorum
881 1314 955 1370 (cf.
990 1313 1135 1358 Catal.
1177 1313 1229 1358 of
1255 1314 1373 1359 Add.
1406 1316 1455 1358 to
1486 1314 1566 1358 the
1597 1314 1824 1357 Manuscr.
1857 1313 1907 1356 in

229 1373 310 1416 the
334 1372 448 1416 Brit.
474 1372 590 1416 Mus
619 1373 837 1439 [1875]Ρ
841 1375 992 1430 .319).
1056 1372 1274 1417 Continet
1303 1372 1517 1417 Eunuchi
1549 1375 1595 1417 et
1617 1372 1909 1417 Phormionis

230 1433 501 1476 commenta.
571 1431 640 1474 Ex
679 1431 737 1474 iis
777 1445 896 1487 quae
935 1432 991 1476 H.
1017 1431 1288 1489 Hilgenfeld
1327 1434 1375 1476 et
1411 1433 1444 1476 Ι.
1468 1433 1517 1476 P.
1537 1431 1698 1476 Gilson
1727 1445 1907 1475 mecum

229 1490 686 1534 communicaverunt
707 1490 832 1535 hunc
856 1491 1098 1535 codicem
1086 1506 1135 1534 111
1158 1491 1383 1535 Eunucho
1409 1491 1593 1548 saepius
1619 1491 1678 1534 ad
1703 1490 1910 1535 melioris

228 1552 367 1594 notae
399 1549 544 1593 libros
577 1550 809 1606 accedere,
840 1549 890 1592 in
913 1550 1190 1595 Phormione
1222 1564 1552 1607 saepenumero
1577 1550 1743 1594 misere
1766 1549 1907 1594 inter·

227 1609 440 1666 polatum
471 1622 570 1652 esse
601 1608 717 1652 mihi
747 1609 971 1666 persuasi

348 1670 420 1724 36)
461 1667 642 1712 Codex
680 1667 1085 1712 Londiniensis
1123 1668 1244 1712 Add.
1272 1672 1413 1712 11906
1445 1669 1562 1725 plut.
1591 1667 1733 1712 2760}
1765 1683 1798 1712 s.
1825 1668 1910 1711 XV

227 1727 608 1771 membranaceus
640 1727 858 1771 foliorum
883 1732 938 1770 85
971 1727 1045 1783 (cf.
1073 1727 1219 1772 Catal.
1246 1727 1298 1771 of
1317 1728 1437 1772 Add.
1463 1731 1547 1772 etc
1576 1728 1731 1786 [1850]
1755 1742 1800 1784 p.
1822 1731 1906 1784 17)

229 1785 447 1830 Continet
470 1785 659 1829 Terenti
685 1785 871 1830 fabulas
896 1789 942 1830 et
967 1787 1026 1831 ab
1052 1786 1215 1830 eadem
1237 1801 1378 1830 manu
1400 1786 1574 1830 Donati
1598 1789 1910 1831 commentum

227 1845 277 1889 in
315 1844 604 1902 marginibus
645 1845 945 1902 adscriptum.
1006 1845 1103 1890 Fol
1134 1851 1177 1888 1
1214 1845 1387 1902 legitur
1421 1845 1698 1890 ‘Jeronimus
1728 1845 1908 1890 minato

229 1906 300 1948 est
333 1905 464 1948 1471'
473 1941 480 1948 .

530 2155 614 2202 De
654 2155 919 2203 codicum
958 2156 1116 2204 inter
1156 2172 1212 2204 se
1251 2156 1603 2203 rationibus.

344 2249 575 2298 Omnium
609 2253 693 2312 qui
725 2251 787 2298 ad
818 2254 1039 2300 nostram
1070 2253 1282 2300 aetatem
1313 2254 1642 2315 pervenerunt
1671 2251 1908 2299 librorum

230 2324 675 2386 manuscriptorum
722 2326 1054 2387 antiquissimi
1101 2328 1220 2373 sunt
1265 2326 1452 2374 codices
1490 2324 1540 2372 A
1586 2327 1636 2373 et
1673 2325 1735 2372 B.
1813 2324 1909 2380 Qui

230 2399 323 2446 etsi
361 2413 459 2446 non
499 2397 674 2446 desunt
714 2399 889 2460 quibus
930 2399 1171 2463 differant,
1209 2402 1375 2448 tamen
1407 2401 1459 2446 in
1490 2400 1771 2448 universum
1801 2400 1907 2445 tam

230 2473 334 2519 arte
374 2472 620 2519 coniuncti
659 2475 773 2520 sunt
811 2467 879 2539 (v.
906 2490 1016 2536 app.
1042 2474 1146 2520 crit.
1174 2473 1237 2521 ad
1258 2473 1410 2521 Andr.
1434 2473 1486 2520 II
1513 2475 1561 2534 1,
1586 2465 1810 2538 238qq.)‚
1849 2474 1905 2519 ut

228 2560 328 2592 non
371 2546 687 2592 temerarium
737 2561 840 2595 esse
885 2547 1112 2595 videatur
1158 2562 1240 2595 eos
1278 2547 1340 2595 ad
1379 2563 1683 2595 communem
1719 2546 1906 2593 fontem

230 2619 424 2678 referre,
461 2620 752 2680 praesertim
784 2636 894 2668 cum
925 2621 1246 2683 archetypum
1277 2621 1340 2668 ad
1370 2619 1521 2668 Andr.
1544 2619 1597 2668 II
1623 2621 1668 2681 1,
1689 2620 1902 2666 24—29

228 2691 514 2740 lacunosum
570 2692 720 2741 fuisse
774 2697 979 2756 uterque
1032 2697 1253 2743 testetur.
1355 2693 1449 2742 Sed
1503 2693 1762 2756 quominus
1816 2692 1904 2740 hos

229 2766 380 2814 libros
419 2769 554 2814 recta
592 2767 674 2814 via
714 2783 770 2815 ex
809 2768 896 2815 illo
936 2768 1202 2830 archetypo
1239 2768 1479 2830 prodiisse
1519 2782 1781 2828 sumamus,
1821 2765 1903 2814 ob-

230 2842 333 2887 stat
384 2839 513 2887 inter
559 2840 658 2887 alia
705 2840 924 2889 diversus
971 2844 1358 2889 commentorum
1404 2841 1544 2902 ordo,
1596 2857 1714 2888 nam
1757 2841 1828 2887 in.
1854 2837 1905 2886 A

229 2912 467 2960 Andriam
519 2914 743 2975 sequitur
795 2914 1072 2976 Adelphoe,
1127 2917 1180 2963 at
1231 2916 1283 2962 in
1333 2915 1383 2962 B
1436 2915 1676 2962 Andriam
1725 2913 1906 2975 excipit
