2072 3146
831 127 1184 172 PRAEFATIO.
1698 130 1845 173 XXIII

163 249 357 292 eandem
405 246 594 290 exhibet
634 245 1042 302 interpolationem
1080 260 1220 301 quam
1260 245 1308 288 in
1351 246 1387 289 O
1426 248 1472 290 et
1504 262 1532 290 a
1572 247 1842 290 invenimus.

163 334 219 340 —
260 307 324 350 Cf.
369 306 545 349 ‘Museo
589 304 801 349 italiano'
843 306 1039 359 1114233
1090 304 1245 348 ‘Studi
1290 305 1494 349 italiani’
1537 306 1679 358 1157,
1726 306 1842 349 Mus.

164 367 310 410 Rhen.
336 365 413 408 LII
439 370 507 407 91.

284 427 354 481 29)
399 423 581 467 Codex
619 422 934 466 Vaticanus
976 423 1195 467 Ottobon.
1230 427 1344 466 2070
1385 437 1417 466 s,
1445 423 1540 466 XV.
1603 424 1655 466 In
1694 423 1844 480 prima
1861 438 1903 468 η

163 484 298 527 huius
338 482 447 526 libri
487 482 649 525 charta
688 482 860 538 legitur
902 482 987 524 ‘Ex
1029 482 1265 526 codicibus
1302 482 1482 526 [oannis
1514 482 1682 539 Angeli
1715 482 1844 526 ducis

163 543 222 586 ab
268 542 526 598 Altaemps’
570 545 616 596 (†
643 543 786 598 1681).
860 542 972 585 Post
1018 541 1125 585 Hec.
1160 541 1223 584 ΠΙ
1249 546 1288 596 5,
1314 546 1340 584 8
1388 540 1597 596 sequitur
1642 541 1846 598 spatium

163 601 265 645 folii
303 601 440 644 unius
474 603 520 644 et
553 600 757 653 dimidii,
797 603 898 644 tum
930 601 990 644 ad
1021 600 1062 642 V
1089 605 1127 655 1,
1150 606 1171 643 1
1206 600 1369 644 eadem
1400 613 1519 655 quae
1551 600 1599 643 in
1630 616 1674 644 m
1704 600 1846 644 inter-

161 660 359 717 polati03
408 659 574 703 ultimo
620 658 757 702 huius
806 659 1072 703 comoediae
1121 659 1295 703 scholio
1343 659 1506 703 addita
1555 663 1662 703 sunt
1707 660 1844 703 haec:

164 721 336 764 ‘textus
377 721 532 763 tamen
572 718 682 762 talis
721 718 921 762 habetur
948 745 954 751 ·
983 732 1149 774 sequor
1181 719 1397 774 equidem
1427 718 1532 775 plus
1563 718 1702 762 hodie
1734 718 1846 763 boni

162 778 253 822 feci
299 778 543 835 impudens
590 791 730 833 quam
777 777 925 821 sciens
975 781 1084 821 ante
1131 777 1253 821 hunc
1294 777 1418 821 diem
1455 791 1689 832 umquam.
1757 778 1846 822 Vos

162 838 313 882 valete
353 840 400 881 et
437 836 661 894 plaudite.
725 836 978 894 Calliopius
1011 836 1254 881 recensui'.
1318 837 1370 879 In
1401 836 1692 880 Phormionis
1725 851 1846 880 com-

162 899 318 940 mento
351 896 426 940 hic
451 911 556 940 cum
580 896 738 939 codice
762 911 806 940 m
828 910 1014 952 prorsus
1041 895 1292 950 consentit3
1326 895 1451 940 idem
1474 895 1598 940 valet
1623 896 1679 940 de
1704 895 1846 940 inter-

162 955 414 1013 polatione,
440 969 558 1011 quae
584 958 690 1012 post
714 955 918 999 Andriae
942 955 1188 1012 prologum
1211 954 1386 999 inserta
1410 957 1493 999 est.
1514 981 1569 987 —
1595 955 1661 1000 Cf.
1689 954 1847 999 ‘Studi

163 1014 365 1059 italiani’
400 1015 442 1058 II
467 1019 535 1058 58.

280 1132 470 1176 Praeter
503 1147 579 1177 eos
611 1147 726 1188 quos
759 1146 899 1190 supra
931 1133 1196 1176 enumeravi
1220 1135 1360 1188 atque
1386 1132 1612 1189 descripsi
1633 1132 1847 1176 nonnulli

165 1192 555 1236 commemorandi
581 1194 690 1235 sunt
713 1191 909 1247 codices,
943 1192 1022 1247 qui
1046 1191 1219 1234 nullius
1246 1191 1431 1236 omnino
1455 1191 1596 1248 pretii
1622 1192 1682 1235 ad
1707 1191 1848 1236 crisin

162 1251 471 1296 factitandam
511 1253 593 1295 aut
632 1253 740 1294 sunt
771 1253 854 1294 aut
885 1265 984 1295 esse
1014 1250 1250 1304 videntur3
1288 1264 1344 1294 ex
1374 1254 1507 1307 parte
1539 1251 1663 1294 enim
1694 1251 1847 1294 minus

165 1310 280 1354 mihi
312 1310 627 1366 innotuerunt,
659 1324 800 1366 quam
830 1312 884 1353 ut
914 1313 1090 1354 certam
1121 1310 1178 1354 de
1207 1310 1272 1354 eis
1296 1310 1528 1367 proferam
1551 1310 1845 1355 sententiam.

283 1372 356 1426 30)
401 1369 585 1413 Codex
631 1369 944 1413 Vaticanus
992 1369 1155 1426 Regin.
1196 1369 1277 1413 lat.
1307 1373 1419 1413 1673
1467 1384 1500 1412 s.
1535 1369 1618 1412 XV
1665 1370 1915 1416 charta-G

163 1442 270 1473 oeus
295 1434 380 1472 215
412 1428 642 1473 foliorum.
706 1428 914 1472 Titulum
949 1427 1139 1472 ‘Donati
1170 1427 1464 1485 grammatici
1495 1428 1545 1471 in
1577 1441 1656 1472 sex
1686 1428 1735 1473 P.
1762 1428 1847 1472 Te-

162 1487 303 1532 rentii
340 1487 442 1531 Afri
490 1487 751 1531 comoedias
791 1487 1057 1531 examinata
1095 1486 1438 1544 interpretatio’
1481 1501 1537 1531 ex
1576 1487 1847 1544 Calphurnii

163 1546 371 1592 editione
425 1545 661 1590 sublatum
715 1561 877 1590 manus
927 1546 1159 1591 recentior
1201 1545 1485 1603 praeposuit.
1568 1546 1656 1590 Hic
1703 1547 1848 1591 codex

162 1609 352 1662 propter
407 1606 521 1648 duas
569 1620 640 1649 res
687 1605 1000 1650 memorabilis
1049 1608 1136 1651 est·
1192 1605 1395 1662 primum
1440 1606 1564 1661 quod
1610 1605 1659 1649 in
1705 1606 1847 1650 Phor-

163 1664 332 1709 mionis
379 1668 637 1708 commento
686 1665 746 1708 ad
788 1665 830 1708 11
855 1670 880 1708 3
929 1665 1106 1709 scholia
1154 1664 1370 1709 similiter
1418 1668 1558 1720 atque
1607 1665 1656 1708 in
1702 1666 1751 1710 D
1798 1665 1847 1708 in

163 1723 372 1768 ordinem
410 1724 602 1768 redacta
641 1727 767 1780 sunt,
809 1738 903 1780 qua
940 1724 989 1767 in
1028 1739 1077 1767 re
1118 1726 1292 1768 certum
1331 1723 1582 1781 vestigium
1619 1723 1848 1781 pristinae

163 1783 338 1826 formae
369 1782 583 1827 relictum
615 1785 706 1838 est3
740 1783 907 1827 deinde
940 1783 1066 1839 quod
1098 1783 1217 1828 duae
1249 1797 1414 1828 manus
1448 1797 1476 1827 a
1498 1783 1681 1826 librarii
1705 1798 1846 1827 manu
1866 1784 1939 1830 (32

164 1842 375 1886 diversae
405 1842 532 1885 haud
563 1856 736 1900 paucas
768 1855 900 1887 voces
933 1841 1156 1897 GraecaS‚
1189 1856 1306 1899 quas
1336 1856 1458 1886 man.
1495 1848 1517 1886 1
1552 1842 1689 1887 solito
1722 1855 1847 1886 more

163 1901 212 1944 in
250 1901 419 1945 lacuna
458 1900 698 1956 omiserat,
738 1901 1068 1958 suppleverunt
1100 1903 1240 1957 atque
1273 1915 1351 1945 eas
1384 1915 1440 1945 ex
1472 1902 1677 1958 optimae
1707 1904 1848 1946 notae

163 1960 323 2005 codice
361 1963 414 2004 ut
449 1960 633 2004 videtur
665 1961 931 2018 desumptas
965 1961 1043 2018 (ad
1074 1963 1324 2017 tractatus,
1363 1961 1526 2016 Andr,
1565 1960 1704 2016 Eun,
1744 1961 1847 2017 Ad„

162 2019 305 2074 Hec.).
366 2020 462 2062 Has
493 2020 666 2076 partim
696 2021 768 2065 Fr.
799 2020 932 2077 Spiro
963 2019 1137 2077 partim
1161 2019 1213 2066 G.
1238 2019 1461 2064 Wissowa
1492 2020 1847 2077 exscripserunt.

166 2105 221 2111 --
248 2078 312 2123 Cf.
350 2078 505 2122 ‘Studi
536 2079 740 2123 italiani’
774 2079 816 2122 H
841 2085 918 2134 563
950 2085 1020 2124 62.

260 2143 355 2194 *31)
401 2137 584 2182 Codex
614 2137 929 2182 Vaticanus
959 2137 1121 2182 Urbin.
1154 2138 1235 2182 lat.
1263 2142 1349 2182 354
1380 2153 1414 2181 s,
1440 2137 1525 2182 XV
1556 2137 1849 2182 membrana-

162 2211 270 2241 ceus
294 2196 512 2242 foliorum
531 2203 629 2242 211.
669 2197 781 2241 Post
803 2197 1007 2242 Andriae
1030 2196 1371 2254 praefationem
1393 2196 1567 2254 legitur
1588 2197 1665 2240 hic
1681 2196 1847 2240 titulus

162 2255 260 2313 (fol.
287 2258 371 2307 6¹⁹):
407 2256 549 2300 ‘Aelii
571 2256 746 2300 Donati
769 2255 1072 2301 Grammatici
1096 2255 1352 2300 Clarissimi
1382 2256 1432 2299 in
1463 2269 1543 2300 sex
1565 2255 1615 2300 P.
1641 2255 1848 2299 Terentii

163 2314 266 2358 Afri
289 2314 562 2359 Comoedias
594 2315 861 2360 examinata
890 2315 1258 2373 interpretatio'3
1289 2315 1368 2359 fol.
1396 2319 1477 2359 88¹¹
1504 2318 1611 2372 post
1633 2314 1848 2358 Eunuchi

164 2377 478 2418 commentum
507 2374 683 2419 inserta
714 2377 786 2419 est
811 2374 1183 2431 ‘10.Calphurnii
1207 2373 1461 2418 Brixiensis
1491 2373 1848 2418 Heautontimo-

162 2446 387 2477 rumenon
410 2434 676 2478 examinata
698 2433 1066 2491 interpretatioss
1100 2435 1212 2478 ordo
1236 2433 1503 2478 fabularum
1525 2433 1592 2477 sic
1614 2432 1847 2490 procedit.

163 2491 342 2535 Andria
364 2492 614 2537 Eunuchus
637 2493 890 2538 Heautont.
915 2493 1068 2550 Adelp
1069 2493 1158 2537 hoe
1179 2493 1396 2537 Phormio
1419 2493 1623 2549 Hecyra,
1647 2491 1847 2547 denique

163 2553 271 2608 post
293 2551 586 2596 Phormionis
610 2554 922 2597 commentum
944 2552 1118 2619 legitur
1141 2552 1236 2610 (fol.
1264 2556 1368 2596 210
1370 2554 1550 2609 —211‘)
1575 2550 1690 2608 Calp
1691 2549 1848 2594 hurnii

164 2609 370 2667 epistula
402 2610 615 2655 ‘Constat
646 2611 863 2668 antiquos
894 2610 1143 2668 scriptores
1161 2637 1216 2644 —
1239 2610 1351 2655 Vale
1383 2611 1522 2655 decus
1545 2609 1844 2655 Litterarum’

163 2670 225 2770 gv.
252 2668 471 2726 Loeffler,
502 2669 572 2715 De
603 2669 717 2728 Calp
718 2670 885 2714 hur-nio
910 2670 1010 2715 Ter.
1043 2671 1234 2727 interpr.
1258 2673 1347 2727 40).
1394 2669 1522 2714 Haec
1553 2669 1710 2714 omnia
1733 2668 1847 2712 satis

198 2727 407 2773 eclarant
444 2686 724 2773 Vaticanum
770 2728 967 2773 editioni
1005 2729 1119 2786 Calp
1120 2728 1379 2773 hurnianae
1417 2727 1846 2773 coniunctissimum

163 2798 286 2843 esse,
324 2787 376 2831 id
414 2788 540 2855 quod
577 2801 663 2832 nec
693 2787 1004 2832 Ritschelium
1041 2745 1143 2846 fugi
1130 2788 1166 2832 t
1196 2791 1252 2839 (v.
1286 2787 1472 2832 Sueton.
1503 2786 1768 2843 Rem-183)
1800 2789 1849 2830 et

165 2803 446 2890 Sabbadiniq
446 2846 513 2891 sic
536 2847 774 2904 explicuit,
798 2849 852 2891 ut
875 2847 1156 2891 Vaticanum
1178 2860 1236 2891 ex
1260 2845 1533 2904 Calphurnii
1556 2845 1848 2903 autographo

164 2902 448 2962 descriptum
479 2919 580 2950 esse
610 2905 806 2962 diceret,
843 2906 926 2950 sed
955 2905 1128 2951 rectius
1160 2920 1265 2950 cum
1291 2905 1522 2950 Wissowa
1552 2905 1760 2950 codicem
1791 2917 1848 2948 ex
