2072 3146
257 111 357 153 XVl
910 111 1260 154 PRAEFATIO.

257 229 335 282 qui
384 243 514 273 voces
560 230 758 273 Graecas
799 230 1078 273 continuerit
1119 231 1258 284 atque
1299 244 1375 274 eas
1415 231 1482 273 ita
1522 233 1832 286 comparatas,
1879 234 1933 274 ut

257 287 525 343 saepissime
565 289 888 332 emendatione
927 289 1211 345 indigerent3
1250 289 1372 332 unde
1410 289 1537 332 haud
1577 290 1669 332 scio
1711 303 1769 332 an
1808 292 1932 333 recte

257 346 461 390 codicem
507 347 640 390 illum
687 348 974 391 simillimum
1011 347 1219 391 Parisino
1253 350 1296 391 A
1335 348 1407 391 vel
1447 349 1673 391 Vaticano
1716 350 1759 391 B
1797 349 1932 392 nobis

255 407 408 448 mente
440 406 680 463 fingamus.
744 407 922 449 Deinde
954 410 1313 449 consentaneum
1345 409 1414 450 est
1447 407 1732 463 Stephanum
1764 407 1929 463 ipsum,

255 478 535 519 quamquam
566 466 652 508 hoc
677 466 902 521 expressis
926 465 1076 508 verbis
1099 479 1191 508 non
1217 466 1430 520 affirmat,
1462 466 1511 508 in
1533 466 1724 520 reliquis
1749 479 1932 521 quoque

255 524 501 566 commenti
532 524 743 580 partibus
778 524 969 578 antiquo
1002 524 1083 567 illo
1117 525 1274 567 codice
1308 538 1635 580 saepenumero
1659 539 1793 567 usum
1818 539 1930 580 esse,

255 582 335 624 sed
367 582 500 626 valde
534 583 780 626 dolendum
814 585 884 627 est
915 583 1039 638 quod
1063 597 1291 638 nusquam
1323 583 1566 638 indicavit,
1599 583 1721 626 unde
1752 586 1932 627 textum

254 642 513 694 correxerit,
546 644 598 685 ut
622 642 948 684 difficillimum
973 642 1033 685 sit
1058 643 1117 684 ad
1143 642 1508 697 diiudicandum,
1541 641 1653 697 quid
1679 655 1759 685 suo
1784 643 1930 699 ipsius

253 700 324 742 vel
349 700 485 743 amici
511 701 697 757 ingenio
722 701 866 744 fretus
892 701 1059 756 quidve
1083 702 1210 743 nisus
1227 703 1407 744 vetusto
1427 700 1676 756 exemplari
1693 702 1932 745 novaverit

253 759 324 813 (cf.
360 759 581 803 Dziatzko
614 760 662 802 in
694 760 808 802 Mus.
843 760 988 803 Rhen.
1022 760 1169 802 XXIX
1193 765 1276 803 452
1290 775 1354 814 sq.
1390 763 1437 802 et
1468 759 1515 802 in
1547 759 1588 802 X
1621 759 1777 815 Suppl.
1811 761 1927 804 Ann.

251 817 411 873 philol.
448 822 561 874 676).
610 819 708 862 Hoc
739 821 896 862 tamen
929 819 1104 874 optimo
1132 819 1231 862 iure
1257 819 1473 862 contendi
1495 820 1651 874 potest
1677 819 1930 874 permultas

255 877 455 932 optimas
486 878 707 921 lectiones
741 878 958 921 editionis
992 878 1336 933 Stephanianae
1367 880 1547 921 vetusto
1581 876 1651 920 illi
1677 878 1929 934 exemplari

253 936 423 991 deberi,
450 937 574 991 quod
597 937 939 980 necessitudine
965 937 1166 992 quadam
1194 952 1295 980 cum
1313 937 1542 980 Vaticano
1568 938 1613 980 B
1634 937 1931 980 coniunctum

250 994 392 1037 fuisse
424 995 618 1039 videtur.
667 996 746 1039 Eis
779 1009 898 1050 quae
932 996 1188 1040 Sabbadini
1221 996 1393 1053 (Studi
1418 996 1536 1039 ital)
1565 996 1606 1038 Π
1630 998 1702 1052 85)
1735 996 1932 1052 protulit

250 1062 392 1096 unum
425 1055 596 1097 addam
628 1055 907 1111 exemplum:
943 1055 1003 1098 ad
1026 1055 1135 1099 Hec.
1162 1055 1225 1098 IV
1252 1061 1290 1110 1,
1309 1061 1361 1098 21
1397 1055 1515 1098 illud
1543 1055 1771 1112 distrin9i‚
1805 1055 1929 1110 quod

252 1113 375 1168 apud
416 1113 701 1169 Stephanum
748 1114 939 1170 legitur,
989 1114 1111 1157 solus
1153 1114 1340 1157 exhibet
1379 1114 1476 1157 cod.
1519 1115 1578 1168 B,
1618 1128 1723 1157 cum
1759 1113 1929 1169 reliqui

251 1185 406 1215 omnes
438 1174 670 1230 obstringi,
704 1173 931 1216 editiones
963 1172 1238 1216 vetustiOres
1270 1174 1492 1230 abstrinqi
1521 1172 1738 1216 habeant.

367 1231 662 1289 Lindenbrog
707 1232 756 1274 in
802 1232 1092 1288 praefatione
1134 1232 1351 1276 editionis
1392 1231 1675 1276 Francofurt.
1718 1234 1775 1287 (a.
1797 1234 1927 1289 1623)

247 1289 363 1332 hacc
397 1290 611 1334 adnotat:
648 1290 837 1334 ‘Donati
870 1292 961 1335 duo
987 1291 1269 1347 exemplaria
1292 1291 1538 1334 habuimus
1564 1293 1610 1334 et
1633 1290 1717 1333 illa
1740 1290 1927 1334 Pithoe-

248 1363 378 1391 orum
425 1353 642 1392 accurata
689 1349 937 1406 diligentia
991 1351 1051 1394 ad
1098 1350 1204 1394 Mss.
1258 1350 1389 1394 codd.
1430 1349 1621 1392 Antonii
1675 1349 1827 1393 Contii
1881 1352 1929 1393 et

248 1407 405 1451 Iacobi
453 1408 629 1451 Cuiacii
675 1409 1029 1452 Antecessorum
1074 1409 1432 1452 Bituricensium
1487 1407 1678 1462 collata;
1734 1422 1928 1463 quorum

249 1466 422 1510 auxilio
462 1467 511 1510 in
549 1467 636 1511 hoc
677 1468 1006 1512 commentario
1045 1468 1274 1524 plurimae
1309 1467 1505 1511 lacunae
1538 1467 1780 1523 suppletae
1813 1467 1928 1511 alia-

249 1539 338 1580 que
384 1526 567 1570 infinita
614 1529 767 1570 errata
812 1527 1075 1584 integritati
1123 1541 1232 1571 suae
1278 1527 1496 1571 restituta
1543 1527 1684 1570 sunt'.
1762 1526 1928 1570 Exstat

250 1587 406 1628 autem
445 1585 494 1628 in
531 1585 818 1629 bibliotheca
849 1586 1066 1629 Leidensi
1097 1586 1240 1630 editio
1273 1585 1681 1642 Lindenbrogiana
1713 1585 1925 1642 (Gronov.

247 1658 312 1686 nr.
341 1646 383 1700 6)
425 1658 528 1687 cum
563 1644 943 1688 adnotationibus
974 1646 1007 1688 I.
1033 1646 1080 1688 F.
1108 1644 1347 1698 Gronovii‚
1387 1658 1503 1700 quas
1543 1658 1599 1688 ex
1629 1643 1927 1688 Pithoeorum

248 1702 576 1747 collationibus
629 1704 934 1760 transcriptas
990 1718 1088 1748 esse
1135 1704 1358 1748 facillime
1405 1703 1712 1746 demonstrari
1757 1705 1924 1759 potest.

247 1761 431 1805 Etenim
474 1763 533 1805 ad
565 1763 650 1806 Ad.
677 1763 697 1806 I
724 1768 762 1818 1,
781 1768 836 1807 40
871 1764 1002 1820 apud
1033 1763 1312 1808 Gronovium
1350 1762 1523 1820 legitur
1564 1763 1630 1805 ‘et
1659 1762 1750 1805 huc
1779 1776 1927 1817 usque

246 1820 390 1864 habet
413 1825 542 1864 vetus
568 1821 802 1878 exemplar
825 1823 931 1866 Ant.
959 1822 1124 1866 Contii.
1143 1823 1235 1877 Ρ.’;
1264 1821 1430 1865 deinde
1457 1821 1674 1865 Gronovii
1699 1820 1925 1876 excerptis

248 1879 431 1936 saepius
466 1880 678 1923 additum
710 1884 779 1924 est
814 1882 899 1926 ‘R'
933 1882 1006 1925 vel
1041 1882 1190 1937 ‘Pit.’;
1222 1883 1453 1937 postremo
1487 1893 1605 1935 quae
1636 1880 1687 1922 in
1709 1879 1927 1923 Leidensi

247 1939 499 1995 exemplari
540 1939 836 1995 exhibentur,
877 1940 973 1985 fere
1006 1954 1184 1997 semper
1216 1939 1511 1983 consentiunt
1542 1953 1646 1982 cum
1677 1937 1765 1994 eis,
1805 1951 1925 1994 quae

247 2011 302 2040 ex
345 1998 446 2041 ‘Ms.
486 1997 627 2041 Pith.’
677 1999 725 2042 in
774 1999 1173 2044 observationibus
1215 1998 1411 2055 protulit
1448 1997 1756 2054 Lindenbrog.
1827 1998 1924 2040 Iam

247 2070 350 2099 cum
387 2057 483 2100 veri
523 2057 585 2100 sit
624 2057 910 2102 simillimum
943 2058 1095 2102 Contii
1134 2058 1340 2102 codicem
1379 2058 1576 2101 eundem
1606 2056 1751 2099 fuisse
1783 2058 1924 2111 atque

245 2117 453 2158 nostrum
490 2115 751 2160 Parisinum
784 2119 829 2162 A
867 2117 942 2174 (cf.
975 2119 1151 2175 supra),
1193 2131 1312 2172 quae
1349 2119 1591 2173 praeterea
1630 2129 1658 2159 a
1696 2114 1924 2159 Gronovio

41 2174 203 2209 codem
249 2174 532 2218 adnotantur
579 2175 639 2218 ad
678 2175 855 2220 Cuiacii
900 2176 1133 2234 exemplar
1170 2177 1423 2220 referamus
1460 2188 1646 2219 necesse
1686 2176 1768 2219 est.
1837 2173 1925 2217 Hic

23 2218 208 2254 “³⁸⁶⁶‘'ss
248 2235 404 2276 autem
444 2233 621 2277 Cuiacii
668 2235 812 2279 codex
859 2236 972 2291 quin
1018 2237 1295 2292 optimorum
1341 2234 1566 2279 librorum
1609 2246 1800 2277 numero
1843 2233 1924 2276 ad-

247 2292 515 2336 scribendus
575 2294 655 2348 sit,
719 2294 926 2338 dubitari
979 2309 1072 2339 non
1125 2297 1300 2351 potest3
1362 2308 1470 2337 nam
1529 2293 1729 2349 primum
1789 2304 1922 2335 voces

247 2350 445 2395 Graecas
502 2353 771 2396 continebat
825 2356 1036 2409 (quarum
1090 2354 1262 2397 multas
1319 2366 1374 2396 ex
1418 2352 1505 2396 hoc
1551 2351 1679 2395 fonte
1722 2350 1922 2393 Linden-

245 2409 363 2466 brog
400 2410 596 2466 hausit);
637 2411 806 2455 deinde
845 2427 995 2468 neque
1034 2414 1084 2456 in
1113 2413 1322 2469 Hecyrae
1360 2424 1511 2466 neque
1548 2411 1598 2453 in
1630 2409 1921 2453 Phormionis

246 2471 503 2513 commento
557 2469 736 2514 lacunis
784 2473 1018 2528 scatebat,
1072 2472 1187 2527 quin
1240 2471 1382 2514 etiam
1436 2471 1560 2513 solus
1607 2468 1813 2512 scholion
1860 2467 1921 2511 ad

245 2527 426 2572 Phorm.
460 2528 501 2570 H
528 2533 566 2582 1,
594 2533 616 2572 7
658 2531 876 2585 servavit;
922 2531 1122 2586 denique
1161 2543 1340 2586 semper
1378 2529 1439 2572 ad
1478 2528 1757 2584 optimorum
1795 2526 1921 2570 codi-

246 2600 350 2629 cum
387 2587 452 2643 (R
464 2586 511 2642 0,
547 2586 599 2643 Ο)
638 2589 907 2632 memoriam
946 2589 1148 2643 accedit,
1195 2602 1314 2644 quae
1352 2602 1424 2632 res
1461 2586 1736 2644 praesertim
1772 2585 1822 2628 in
1865 2599 1920 2629 ea

244 2645 492 2689 commenti
522 2647 669 2702 parte,
704 2647 785 2690 ubi
809 2649 1085 2693 vetustiores
1108 2648 1219 2692 libri
1244 2647 1478 2699 deficiunt,
1511 2645 1675 2689 summi
1697 2645 1920 2688 momenti

245 2706 326 2748 est.
397 2704 793 2760 subscriptionem
823 2706 1112 2751 Phormionis
1150 2707 1271 2750 hanc
1308 2705 1451 2749 fuisse
1485 2706 1684 2748 testatur
1715 2701 1917 2747 Gronov:

246 2763 384 2806 ‘Ax-:1211
429 2777 593 2806 nomn
630 2779 693 2806 v·
722 2780 746 2806 c
772 2790 779 2797 ·
808 2779 1020 2809 ORATORIS
1066 2782 1192 2811 vnms
1239 2780 1386 2808 nonu:
1430 2778 1696 2807 commnrvu
1733 2777 1919 2805 'russum

243 2837 508 2865 mommoms
541 2823 782 2867 nxpmcrr’:
821 2838 938 2878 quae
970 2839 1111 2880 quam
1141 2838 1282 2881 prope
1315 2823 1375 2867 ad
1407 2835 1510 2867 eam
1540 2821 1746 2878 accedat,
1778 2833 1919 2876 quam

241 2879 479 2924 Parisinus
511 2882 554 2924 A
587 2882 800 2938 servavit,
831 2896 965 2928 nemo
998 2898 1089 2927 non
1121 2883 1262 2928 videt.
1297 2910 1352 2916 —
