2072 3146
859 134 1211 179 PRAEFATIO.
1703 138 1870 181 XXVII

188 264 370 311 codicis
419 261 731 308 Carnotensis
786 261 838 306 in
884 260 1084 307 Italiam
1134 262 1450 320 translatum,
1505 261 1651 308 habes
1705 264 1867 310 arche-

189 342 364 398 typum
387 335 623 382 librorum
650 334 828 382 Oamn
847 327 925 400 (Ξ
937 327 1013 399 ω),
1039 337 1124 396 qui
1149 337 1204 381 ut
1221 334 1330 382 aliis
1350 334 1406 381 de
1426 338 1582 382 causis
1601 335 1864 383 verisimile

193 411 262 469 fit,
301 426 398 457 non
438 425 494 456 ex
534 409 688 455 altera
722 407 1116 469 transcriptione,
1156 425 1326 455 verum
1358 425 1414 456 ex
1445 411 1551 469 ipso
1586 411 1868 472 apographo

189 483 401 531 derivati
441 484 567 530 sunt.
631 482 737 528 Iam
776 484 995 529 nascitur
1028 484 1265 543 quaestio,
1306 497 1429 543 quae
1461 485 1591 530 inter
1622 484 1868 546 Magunti-

188 575 305 604 num
353 559 402 604 et
442 555 789 603 Carnotensem
834 556 1108 603 intercedat
1150 557 1299 616 rati03
1347 573 1461 603 nam
1501 572 1582 604 eos
1623 558 1866 604 artissime

187 631 442 679 cohaerere
489 631 567 677 vel
614 644 830 677 summus
876 630 1007 677 inter
1050 630 1094 676 Τ
1103 629 1252 677 OFR
1293 632 1341 677 et
1384 629 1485 690 Oa,
1535 633 1586 678 in
1628 634 1868 691 quantum

188 705 385 766 quidem
430 703 482 750 hi
528 704 789 765 pristinam
837 704 1131 765 scripturam
1178 706 1520 765 servaverunt,
1574 704 1716 752 docet
1756 721 1865 753 con-

186 795 355 827 sensus
389 772 470 844 (cf.
502 778 625 825 Mus.
658 777 810 824 Rhen.
836 777 928 824 LII
956 771 1062 842 90).
1126 777 1290 839 Atque
1323 794 1426 825 rem
1457 779 1636 826 iterum
1667 780 1867 826 iterum-

185 869 279 914 que
318 853 572 915 reputanti
610 852 700 899 hoc
738 851 861 898 mihi
901 867 1047 912 quam
1085 852 1304 912 proxime
1346 852 1407 899 ad
1441 867 1611 900 verum
1643 853 1868 901 accedere

186 929 347 974 visum
401 928 495 974 est:
546 927 597 972 in
643 926 751 987 ipso
800 925 963 973 codice
1013 924 1302 974 Garnotensi
1347 927 1692 974 fasciculorum
1739 942 1867 975 com-

186 1017 335 1063 pages
375 1001 540 1047 laxata
580 1003 705 1059 erat,
747 1015 844 1061 quo
884 1000 1071 1047 factum
1111 1002 1198 1060 est,
1236 1002 1292 1047 ut
1331 1001 1546 1062 primum
1584 1001 1719 1061 folia,
1761 1002 1867 1062 qui-

187 1075 278 1122 bus
317 1074 503 1122 scholia
544 1073 605 1120 ad
643 1073 838 1120 Phorm.
871 1073 923 1120 II
951 1075 996 1134 1,
1021 1075 1200 1122 4-—19
1243 1075 1642 1135 continebantur,
1683 1075 1866 1123 excide-

184 1150 308 1196 rent.
365 1147 549 1204 Quibus
583 1148 773 1195 amissis
807 1163 862 1194 ex
895 1147 1059 1195 codice
1090 1148 1191 1194 iam
1215 1148 1444 1196 mutilato
1472 1143 1570 1214 (21¹)
1595 1148 1867 1211 descriptus

187 1226 262 1270 est
302 1222 451 1271 codex
482 1222 816 1285 Maguntinus.
879 1221 1068 1269 Deinde
1108 1222 1210 1269 sive
1248 1222 1397 1283 paulo
1434 1224 1535 1270 sive
1567 1223 1723 1271 multo
1755 1225 1868 1284 post

181 1297 258 1344 illi
283 1312 477 1358 quoque
508 1295 731 1343 fasciculi
758 1296 1067 1356 interierunt,
1099 1296 1151 1342 in
1184 1295 1359 1357 quibus
1386 1312 1441 1343 ea
1468 1297 1729 1344 commenti
1753 1313 1866 1359 pars

179 1372 367 1432 scripta
406 1372 525 1430 erat,
566 1384 690 1430 quae
728 1371 944 1431 pertinet
983 1369 1046 1416 ad
1078 1369 1193 1417 Hec.
1218 1369 1296 1416 III
1322 1371 1368 1429 5,
1388 1370 1542 1416 8—V
1570 1373 1615 1431 1,
1636 1373 1681 1418 2.
1736 1371 1866 1418 Hinc

183 1445 370 1492 factum
410 1445 497 1503 est,
536 1445 592 1490 ut
615 1443 791 1490 Vallae
824 1444 1008 1490 amicus
1041 1458 1151 1490 cum
1187 1442 1534 1492 Carnotensem
1573 1438 1672 1510 (222)
1705 1445 1866 1507 perlu-

182 1520 379 1579 straret,
419 1518 576 1580 primo
610 1518 780 1565 statim
811 1517 987 1565 obtutu
1021 1519 1071 1564 et
1100 1519 1149 1564 in
1183 1517 1379 1579 Hecyra
1411 1520 1459 1565 et
1489 1519 1541 1565 in
1573 1517 1866 1567 Phormione

183 1592 363 1639 librum
379 1592 521 1639 illum
537 1607 632 1639 non
652 1606 754 1639 esse
771 1591 1019 1654 integrum
1037 1591 1461 1640 animadverteret.
1495 1592 1696 1641 Minime
1712 1594 1868 1656 igitur

182 1665 483 1713 Sabbadinio
530 1666 758 1713 assentiri
803 1680 1024 1727 possum,
1073 1665 1157 1726 qui
1204 1666 1456 1713 contendit
1502 1659 1692 1732 (St-,udi
1736 1663 1865 1714 ital.'

182 1739 232 1787 II
250 1733 342 1805 53)
384 1739 666 1787 observasse
696 1739 838 1786 illum
862 1738 1036 1787 Vallae
1070 1741 1281 1787 amicum
1311 1740 1424 1787 inde
1458 1757 1486 1787 a
1517 1740 1711 1788 Phorm.
1737 1741 1815 1788 ΠΙ
1835 1744 1861 1788 1

183 1814 368 1862 scholia
413 1814 657 1875 paulatim
702 1827 957 1861 rarescere.
1036 1813 1132 1860 Hic
1179 1813 1278 1861 alia
1323 1829 1400 1862 res
1440 1815 1865 1863 commemoranda

180 1890 254 1935 est
294 1890 442 1949 atque
482 1904 539 1935 ea
577 1888 755 1935 summi
792 1887 1029 1935 momenti
1062 1887 1123 1934 ad
1156 1887 1376 1935 codicum
1406 1889 1536 1936 inter
1568 1904 1616 1936 se
1647 1888 1866 1937 rationes

180 1963 354 2010 melius
402 1961 778 2024 perspiciendas.
856 1960 1100 2017 Quattuor
1144 1962 1257 2009 illos
1304 1962 1456 2011 libros
1504 1964 1864 2025 manuscriptos

184 2035 365 2084 Oa‘mn
390 2035 452 2083 ad
478 2035 684 2083 eundem
706 2034 864 2083 redire
879 2035 1064 2083 fontem
1084 2028 1167 2102 (ω)
1187 2050 1297 2082 cum
1314 2036 1442 2083 aliae
1458 2037 1865 2098 interpolationes

183 2109 407 2158 omnibus
462 2124 740 2158 communes
788 2109 984 2170 docent,
1037 2111 1146 2157 tum
1193 2110 1278 2170 qui
1323 2113 1436 2172 post
1487 2110 1706 2159 Andriae
1751 2127 1862 2173 pro-

179 2184 348 2247 logum
385 2184 438 2231 in
477 2183 702 2231 omnibus
741 2183 924 2246 legitur
962 2185 1226 2243 tractatus,
1271 2199 1416 2246 quem
1454 2185 1507 2232 in
1544 2185 1667 2232 Mus.
1707 2185 1862 2232 Rhen.

179 2257 274 2305 LII
307 2258 374 2305 88
387 2273 456 2320 sq.
497 2257 799 2319 transcripsi.
863 2255 1171 2318 Quamquam
1210 2258 1253 2304 si
1290 2257 1378 2306 hos
1418 2258 1605 2306 codices
1643 2260 1774 2306 inter
1812 2275 1863 2307 se

178 2346 532 2394 comparamus,
571 2333 697 2378 mira
736 2330 976 2391 quaedam
1015 2332 1326 2394 cognoscitur
1365 2332 1624 2380 dissensio:
1669 2348 1725 2380 ac
1762 2335 1861 2395 pri-

179 2422 314 2453 mum
354 2405 552 2467 quidem
589 2406 643 2452 in
682 2405 896 2453 codicem
930 2404 969 2452 Ο
1007 2404 1138 2452 haud
1174 2421 1360 2467 paucae
1391 2406 1624 2455 lectiones
1655 2408 1863 2470 irrepse-

179 2481 296 2528 runt
326 2480 599 2542 peculiares
624 2479 669 2526 ei
692 2478 930 2526 librorum
960 2481 1148 2542 generi,
1182 2479 1259 2526 cui
1292 2480 1578 2544 assignandi
1610 2483 1727 2528 sunt
1751 2497 1790 2528 e.
1815 2498 1861 2544 g.

180 2553 367 2602 codices
394 2553 580 2601 12ch
599 2546 711 2620 (m),
744 2552 917 2600 deinde
948 2553 1002 2599 in
1033 2568 1065 2600 a
1095 2553 1197 2600 iam
1227 2554 1384 2601 multo
1415 2555 1652 2602 maiorem
1683 2555 1862 2602 talium

179 2627 445 2675 lectionum
474 2643 732 2675 numerum
762 2625 1059 2687 invenimus3
1090 2628 1336 2689 postremo
1370 2628 1558 2676 codices
1587 2643 1679 2676 ‘mn
1708 2644 1864 2691 prope

178 2703 272 2749 toti
310 2702 362 2748 in
400 2700 541 2748 illam
577 2701 908 2748 recensionem
948 2699 1188 2762 abierunt,
1226 2717 1342 2748 nam
1379 2717 1477 2749 non
1516 2702 1675 2750 solum
1708 2702 1861 2750 Phor-

178 2775 356 2823 mionis
386 2775 564 2823 lacuna
594 2775 730 2822 illius
763 2774 945 2822 auxilio
978 2774 1174 2836 expleta
1205 2777 1293 2834 est,
1325 2775 1411 2823 sed
1442 2775 1592 2823 etiam
1615 2776 1668 2823 in
1692 2776 1862 2824 eodem

181 2850 455 2896 commento
494 2848 556 2896 ad
586 2848 639 2896 II
664 2849 694 2896 3
735 2847 866 2895 idem
897 2850 1045 2909 atque
1077 2849 1130 2895 in
1161 2848 1350 2895 12ch
1373 2850 1532 2897 exstat
1563 2849 1861 2898 scholiorum

180 2921 313 2983 ord0,
351 2937 462 2970 cum
492 2922 544 2969 in
572 2922 654 2970 Oa
685 2921 843 2969 adhuc
874 2921 1134 2988 distinctae
1166 2922 1267 2970 sint
1298 2924 1446 2971 series
1471 2922 1860 2984 adnotationum,
