2072 3146
246 125 393 168 XXVI
901 127 1253 172 PRAEFATIO.

247 250 437 298 dimidii
483 251 583 299 fere
632 253 813 299 saeculi
859 253 1149 314 interposito
1197 269 1394 315 prorsus
1442 256 1740 302 evanuerint.
1831 253 1927 301 Sed

247 326 349 372 sive
396 325 486 372 hoc
534 327 635 373 sive
683 326 779 372 alio
827 326 971 373 modo
1010 342 1086 374 res
1127 327 1417 388 explicanda
1457 330 1553 387 est,
1598 328 1688 375 hoc
1730 327 1926 389 quidem

246 400 323 446 vel
364 415 420 445 ex
458 399 580 461 ipsis
618 399 756 447 libris
801 399 899 447 CF
933 400 1143 448 dilucide
1185 403 1390 462 apparet
1429 401 1607 449 codicis
1645 401 1926 464 Maguntini

246 475 497 534 propriam
550 474 699 520 fuisse
754 474 982 520 lacunam
1034 475 1175 521 illam
1231 474 1292 521 ad
1345 475 1537 522 Phorm.
1581 475 1631 522 II
1659 478 1705 535 1,
1731 477 1927 535 4—19,

248 563 394 608 quam
447 547 576 594 idem
624 547 817 594 exhibet
864 547 965 595 cod.
998 548 1068 595 R:
1123 563 1272 609 quam
1318 549 1546 596 lacunam
1586 549 1646 595 ad
1684 551 1927 596 iacturam

245 623 388 668 unius
443 621 551 667 folii
604 621 682 668 vel
738 620 945 668 duorum
998 621 1050 668 in
1103 624 1210 683 ipso
1257 622 1548 685 Maguntino
1598 623 1676 670 vel
1723 623 1774 669 in
1822 624 1925 670 eius

245 695 510 755 archetypo
557 695 741 741 factam
787 698 915 742 recte
961 697 1212 743 revocavit
1259 696 1526 743 Sabbadini
1566 690 1754 762 (²Studi
1799 692 1924 744 ital.'

244 769 295 815 Π
325 762 510 833 7431).
567 768 788 815 Eandem
820 770 985 816 autem
1016 770 1243 817 lacunam
1275 771 1544 831 reperimus
1575 772 1627 816 in
1660 785 1715 817 eo
1749 770 1926 830 codice,

245 859 301 890 ex
354 858 448 903 quo
496 843 607 889 libri
660 841 885 902 Οαῶηφῑ)
931 846 1198 906 propagati
1238 846 1373 905 sunt,
1427 844 1511 891 ubi
1557 845 1724 891 tamen
1771 844 1926 891 altera

247 917 453 977 accedit,
495 932 594 977 qua
633 916 818 964 scholia
859 916 921 963 ad
951 917 1068 964 Hec.
1093 918 1170 964 III
1197 919 1243 979 5,
1262 918 1416 966 8-—V
1445 920 1490 978 1,
1510 919 1538 964 2
1579 918 1758 965 hausta
1791 920 1926 965 sunt:

246 1007 371 1051 quae
413 993 530 1051 quin
571 1006 627 1037 ex
668 991 817 1037 simili
856 991 1062 1051 iactura,
1102 991 1309 1039 duorum
1349 992 1535 1039 scilicet
1573 992 1651 1039 vel
1692 994 1927 1053 quattuor

246 1065 643 1125 quaternionum,
697 1064 963 1125 repetenda
1017 1066 1101 1128 3113,
1157 1065 1372 1114 dubitari
1418 1080 1520 1113 non
1565 1068 1741 1127 potest.
1819 1066 1927 1113 Iam

243 1138 410 1185 videas
452 1153 632 1199 quaeso
671 1137 993 1186 Laurentium
1030 1138 1229 1186 Vallam
1268 1140 1330 1186 ad
1369 1140 1600 1187 Ioannem
1640 1139 1927 1186 Arretinum

245 1206 356 1277 (qui
386 1212 534 1275 vulgo
561 1212 767 1259 Tortelli
798 1205 960 1279 audit)
995 1229 1036 1260 a.
1067 1214 1205 1260 1447
1238 1213 1358 1261 haec
1390 1213 1680 1261 scribentem
1713 1207 1925 1279 (‘Museo

243 1281 370 1333 ital.'
402 1286 478 1332 ΙΠ
506 1279 659 1352 387):
700 1282 818 1334 ‘non
857 1287 992 1334 aliud
1033 1287 1190 1335 scribo
1230 1303 1379 1348 quam
1418 1287 1548 1348 quod
1588 1288 1648 1334 ab
1682 1289 1838 1335 amico
1870 1289 1927 1334 ut

244 1359 506 1407 scriberem
543 1361 820 1407 iniunctum
859 1363 946 1422 est,
985 1362 1043 1407 ut
1082 1377 1288 1422 quaeras
1322 1378 1349 1408 a
1382 1360 1578 1409 domino
1613 1360 1926 1409 Columnensi
2018 1371 2024 1375 “

244 1433 346 1481 sive
393 1436 501 1495 quis
551 1434 676 1481 alius
725 1437 799 1482 0313
842 1435 926 1495 (1111
965 1434 1216 1482 Donatum
1256 1450 1401 1497 super
1441 1436 1726 1483 Terentium
1763 1435 1926 1496 habet,

243 1508 483 1569 numquid
531 1509 723 1570 integer
769 1508 994 1556 Donatus
1039 1510 1316 1571 reperiatur
1362 1512 1411 1556 et
1458 1524 1521 1556 an
1568 1524 1713 1571 super
1760 1524 1926 1557 omnes

245 1581 519 1630 comoedias
566 1581 828 1644 scripserit.
906 1583 1035 1629 Nam
1073 1583 1153 1630 hic
1193 1583 1377 1630 amicus
1415 1598 1552 1630 meus
1594 1583 1747 1646 apud
1787 1582 1925 1630 Gar-

243 1657 448 1703 nutum
509 1656 637 1703 vidit
689 1656 818 1703 hunc
871 1659 1123 1704 auctorem
1178 1657 1262 1704 sed
1315 1659 1418 1704 sine
1472 1658 1622 1704 tertia
1676 1656 1926 1705 comoedia

236 1723 823 1798 Ἑαυτοντιμωρουμένῳ,
862 1732 911 1778 013
971 1746 1083 1778 11011
1145 1730 1383 1794 integra
1445 1731 1656 1791 quinta
1710 1727 1925 1798 Ἑκυρᾷ

243 1805 505 1865 itemque
551 1820 675 1851 cum
714 1804 951 1851 defectu
989 1805 1047 1851 in
1088 1807 1274 1865 sexta,
1322 1819 1469 1866 quae
1510 1803 1733 1852 dicitur
1775 1806 1925 1868 Φορ-

244 1873 425 1941 μίων’.
479 1878 654 1925 Nonne
686 1878 841 1925 isdem
863 1878 1025 1926 verbis
1051 1878 1345 1940 archetypus
1370 1878 1609 1926 librorum
1637 1877 1716 1926 Oa
1741 1879 1925 1941 optime

244 1950 569 1999 describitur?
645 1951 798 2000 Porro
854 1952 1110 2000 audiamus
1156 1952 1423 2014 Aurispam
1470 1946 1524 2017 (l.
1559 1967 1595 1999 c.
1632 1945 1786 2018 388),
1841 1952 1922 2013 qui

245 2041 285 2072 a.
323 2026 459 2072 1451
495 2025 712 2074 Α111301110
744 2025 1058 2074 Panormitae
1098 2026 1288 2074 scribit:
1329 2021 1541 2073 ‘Iamdiu
1573 2027 1777 2074 scieram
1810 2025 1924 2073 Car-

242 2100 353 2146 nuti
402 2100 453 2146 in
501 2097 662 2146 Gallia
709 2099 959 2148 Donatum
984 2101 1057 2150 ,111
1098 2100 1381 2147 Terentium
1425 2101 1477 2146 in
1515 2099 1812 2148 bibliotheca
1851 2115 1925 2148 ec-

244 2173 419 2221 clesiae
458 2173 657 2221 maioris
698 2189 813 2221 esse.
876 2174 1003 2220 Eum
1043 2175 1212 2223 curavi
1250 2177 1306 2222 ut
1342 2174 1751 2222 transcriberetur
1781 2173 1924 2221 mihi-

244 2262 338 2308 que
375 2247 469 2294 huc
507 2247 715 2296 Romam
752 2248 1186 2310 transmitteretur,
1225 2248 1361 2310 quod
1398 2248 1500 2295 iam
1535 2248 1723 2296 factum
1763 2249 1838 2296 est
1876 2250 1926 2294 et

244 2336 355 2367 eum
394 2320 608 2368 codicem
650 2317 701 2384 [i.
737 2338 775 2369 e.
809 2317 1168 2386 apographum]
1203 2322 1282 2370 hic
1311 2322 1468 2370 habeo
1501 2326 1550 2369 et
1581 2321 1693 2370 dedi
1724 2336 1925 2383 operam

243 2396 300 2441 ut
351 2394 779 2456 transcriberetur3
836 2396 967 2456 quod
1021 2412 1131 2443 cum
1185 2397 1279 2443 erit
1323 2395 1532 2456 factum,
1587 2398 1636 2443 et
1681 2396 1779 2443 cito
1825 2394 1924 2455 fiet,

244 2468 535 2530 originalem
579 2468 639 2515 ad
678 2471 727 2516 te
765 2471 963 2517 mittam
1001 2485 1100 2517 non
1139 2469 1266 2517 dono
1305 2469 1390 2517 sed
1428 2471 1486 2516 ut
1524 2471 1574 2516 et
1612 2468 1701 2516 alii
1731 2468 1925 2530 copiam

242 2537 477 2589 habeant’
525 2545 574 2590 et
611 2543 760 2604 paulo
798 2545 912 2605 post
951 2539 1231 2605 ε8119011010
1269 2542 1576 2590 hebdomada
1614 2543 1735 2589 item
1773 2541 1836 2588 ad
1872 2544 1922 2589 te

243 2617 416 2678 scripsi
453 2631 530 2662 me
568 2617 671 2662 iam
708 2618 1037 2665 commentum
1065 2617 1252 2664 Donati
1280 2617 1334 2664 in
1365 2617 1648 2663 Terentium
1678 2615 1923 2677 habuisse,

244 2688 374 2751 quod
399 2687 600 2738 Garnoti
630 2691 687 2736 ut
715 2691 1062 2738 rescriberetur
1093 2691 1273 2739 curavi.
1327 2689 1474 2738 Facio
1505 2691 1625 2736 item
1647 2689 1923 2751 transcribi,

242 2764 300 2810 ut
351 2763 506 2825 ipsius
559 2764 752 2825 copiam
798 2779 962 2812 secure
1011 2765 1180 2812 amicis
1225 2764 1384 2812 facere
1429 2763 1634 2825 possim,
1688 2779 1749 2810 ne
1795 2762 1922 2810 forte

243 2836 402 2884 denuo
440 2836 562 2883 mihi
601 2837 817 2885 eveniret
857 2837 987 2899 quod
1027 2836 1274 2886 Guarinus
1317 2832 1674 2901 [Veronensis],
1718 2835 1922 2884 Carolus

246 2905 597 2975 [Marsuppini]
643 2913 693 2958 et
729 2913 786 2958 tu
823 2911 944 2958 mihi
983 2907 1200 2960 fecistis'.
1278 2911 1355 2958 En
1393 2911 1542 2959 habes
1581 2910 1924 2978 apographum
