2020 3152
192 139 294 181 VIII
843 133 914 176 PR
923 131 1194 175 AEFATIO.

196 255 399 298 codicem
433 254 543 298 olim
575 255 755 309 partem
786 252 929 295 fuisse
962 249 1200 306 amphoris
1232 249 1496 306 voluminis,
1530 251 1658 295 cuius
1690 252 1864 308 priores

193 319 248 357 27>
274 313 598 369 quaterniones
623 312 717 354 iam
741 325 831 354 non
858 312 1054 354 exstant.
1103 308 1285 352 Folium
1308 308 1523 352 ultimum
1548 313 1637 366 (56)
1662 310 1866 357 excisum

193 378 276 417 est.
341 372 549 428 Scriptus·
580 374 649 414 est
682 371 739 413 ab
772 384 865 413 una
895 383 1036 412 manu
1067 369 1208 422 totus,
1239 367 1331 410 nisi
1356 369 1479 423 quod
1504 369 1581 413 fol.
1609 375 1683 413 53r
1706 383 1864 413 versus

194 437 363 475 24—27
405 431 454 473 in
491 430 693 487 pessima
733 429 1003 472 membrana
1042 427 1101 470 ab
1141 426 1236 470 alia
1273 441 1414 470 manu
1446 442 1618 472 coaeva
1648 428 1866 473 videntur

194 505 291 534 esse
317 490 525 534 confecti.
559 488 794 532 Librarius
819 487 918 543 ipse
944 485 1161 541 codicem,
1188 499 1515 541 saepenumero
1534 487 1722 532 cultello
1740 503 1864 545 usus,

195 564 248 593 ex
275 550 523 604 archetypo
543 547 751 602 correxit,
777 561 881 590 raro
898 545 1076 589 variam
1092 544 1340 588 lectionem
1357 545 1454 588 sine
1473 546 1612 590 dubio
1631 561 1685 590 ex
1703 548 1866 591 eodem

192 610 319 651 fonte
351 608 548 663 petitam
581 620 718 662 supra
742 619 919 648 versum
945 603 1143 657 addidit,
1174 604 1456 659 paucissima
1479 605 1528 648 in
1550 605 1760 662 margine
1785 607 1865 650 ad-

194 667 389 722 scripsit.
460 667 531 708 Ab
578 667 665 708 hac
707 664 889 708 librarii
926 678 1067 706 manu
1105 662 1236 706 facili
1275 677 1416 719 opera
1455 663 1732 708 discernitur
1771 666 1865 710 alia

192 740 347 769 recens
382 741 414 768 s.
441 725 566 780 XVI,
609 739 748 780 quam
788 737 885 766 esse
925 722 1050 766 Petri
1089 721 1296 765 Danielis
1328 722 1588 779 Aureliani,
1629 724 1689 767 ad
1729 740 1865 780 quem

197 785 307 828 olim
338 785 414 827 hic
445 784 564 827 liber
593 783 870 840 pertinebat,
904 796 985 825 suo
1010 781 1109 825 iure
1134 781 1302 824 statuit
1324 781 1570 838 Dziatzk03
1603 782 1683 827 ille
1709 787 1864 828 autem

192 857 327 900 saepe
366 845 544 887 textum
585 841 801 897 correxit,
843 840 1129 884 coniecturas
1168 840 1415 884 nonnullas
1454 840 1504 884 in
1541 842 1751 898 margine
1784 844 1864 887 ad-

192 902 370 959 spersit,
403 901 478 945 hic
510 901 607 944 illic
634 901 814 944 variam
837 899 1085 943 lectionem
1110 913 1165 943 ex
1191 898 1395 943 editione
1421 900 1622 955 quadam
1646 902 1863 946 haustam

193 962 412 1006 enotavit.
488 960 645 1003 Tertia
683 961 923 1016 praeterea
960 973 1124 1002 manus
1165 961 1305 1013 atque
1345 959 1508 1002 eadem
1546 961 1865 1005 recentissima

195 1021 242 1076 (I.
269 1021 321 1063 A.
347 1019 542 1075 Thuani,
571 1019 620 1062 ni
644 1019 798 1074 fallor)
829 1031 1042 1061 numeros
1075 1019 1263 1061 actuum
1289 1019 1335 1061 et
1359 1032 1644 1074 scaenarum,
1675 1020 1865 1064 nomina

191 1082 432 1135 poetarum
483 1079 531 1121 in
579 1080 836 1122 commento
889 1077 1189 1120 laudatorum
1243 1076 1341 1121 sim.
1398 1077 1582 1121 addidit
1633 1092 1719 1123 nec
1771 1093 1866 1123 non

194 1138 369 1182 scholia
402 1140 448 1181 et
478 1137 700 1181 lemmata
730 1135 890 1179 multis
922 1135 1035 1179 locis
1070 1135 1303 1191 distinxit,
1345 1136 1432 1179 hac
1463 1136 1511 1180 in
1542 1151 1590 1181 re
1622 1137 1865 1182 librarium

193 1200 370 1252 secuta,
413 1196 492 1252 qui
531 1196 579 1239 in
622 1196 853 1253 prioribus
889 1200 942 1238 13
973 1194 1158 1251 paginis
1192 1208 1390 1251 semper,
1433 1195 1600 1239 deinde
1632 1197 1864 1242 rarissime

193 1257 252 1299 ad
293 1255 624 1312 distinguenda
663 1254 849 1311 singula
888 1254 1044 1310 capita
1075 1253 1149 1297 vel
1181 1253 1388 1310 singulas
1421 1269 1612 1299 scaenas
1644 1271 1865 1313 paragra-

190 1315 334 1371 phum
366 1317 417 1371 (Γ
421 1318 436 1370 >
474 1314 643 1371 posuit.
705 1314 833 1358 Idem
870 1313 1018 1369 primo
1055 1313 1150 1356 fere
1182 1312 1454 1356 lemmatum
1483 1315 1732 1371 vocabulo,
1773 1330 1863 1371 quo

190 1373 354 1417 melius
399 1373 586 1417 initium
624 1372 734 1417 novi
773 1371 939 1416 scholii
977 1374 1349 1428 cognosceretur,
1391 1372 1574 1429 signum
1615 1378 1681 1417 §sb
1725 1374 1801 1418 vel
1834 1378 1859 1417 S

192 1432 529 1489 superscripsit,
563 1446 653 1487 quo
687 1431 818 1488 signo
849 1431 900 1474 in
924 1430 1029 1475 aliis
1055 1445 1237 1486 quoque
1262 1431 1542 1475 scholiorum
1565 1433 1696 1477 libris
1722 1435 1865 1490 (velut

190 1491 240 1534 in
279 1492 377 1535 cod.
418 1491 601 1535 Horatii
639 1489 935 1534 Dessaviensi
967 1491 1012 1534 A
1053 1505 1085 1533 s.
1118 1490 1175 1545 X)
1215 1490 1394 1534 scholia
1432 1490 1660 1549 distingui
1701 1492 1863 1537 solent.

194 1550 319 1603 Quae
360 1550 494 1607 signa
533 1564 587 1594 ex
627 1564 681 1594 eo
712 1550 855 1605 libro,
894 1550 1016 1592 unde
1047 1548 1284 1592 Parisinus
1314 1553 1601 1606 propagatus
1635 1553 1726 1607 est,
1766 1566 1864 1596 esse

191 1610 472 1666 transcripta
517 1609 626 1653 inde
674 1611 888 1666 apparet,
936 1608 1061 1663 quod
1098 1621 1192 1651 non
1231 1621 1410 1664 semper
1449 1623 1531 1653 suo
1570 1610 1673 1655 loco
1711 1611 1866 1668 posita

193 1671 313 1712 sunt.
377 1669 623 1713 Praeterea
661 1668 711 1711 in
741 1670 787 1713 Α
826 1667 1145 1723 distinguendi
1188 1667 1259 1711 vel
1291 1667 1700 1725 subdistinguendi
1732 1670 1867 1727 signa

192 1727 406 1771 adhibita
452 1730 558 1771 sunt
604 1728 738 1771 haec:
798 1753 811 1767 .
868 1740 884 1782 3
921 1728 972 1783 9²
1021 1753 1075 1758 ——
1125 1725 1446 1782 Compluribus
1485 1726 1599 1771 locis
1646 1728 1865 1775 librarius

192 1786 407 1830 lacunam
444 1786 654 1843 reliquit,
696 1786 792 1830 sive
833 1785 957 1841 quod
998 1799 1099 1829 eam
1134 1784 1184 1828 in
1215 1785 1466 1841 archetypo
1498 1785 1593 1829 iam
1623 1786 1868 1832 invenerat

194 1845 290 1889 sive
323 1845 447 1901 quod
479 1846 592 1901 quid
622 1845 672 1888 in
702 1845 784 1889 illo
817 1846 1058 1889 exaratum
1090 1846 1211 1888 esset
1243 1843 1511 1901 dignoscere
1541 1859 1636 1889 non
1664 1848 1863 1902 poterat.

191 1904 310 1947 Eum
332 1904 504 1948 librum
529 1918 584 1948 ex
609 1918 698 1960 quo
717 1907 762 1949 A
780 1903 1037 1960 descriptus
1063 1905 1134 1946 est
1155 1902 1426 1947 minusculis
1451 1903 1620 1947 litteris
1641 1905 1864 1962 scriptum

194 1963 337 2007 fuisse
369 1963 536 2007 docent
566 1963 687 2007 inter
711 1977 760 2007 se
793 1964 1105 2007 commutatae
1136 1962 1323 2006 litterae
1348 1977 1463 2018 cvr,
1496 1963 1520 2004 f
1530 1963 1562 2018 f,
1596 1963 1640 2008 ol
1666 1964 1709 2019 d,
1742 1979 1784 2008 ct
1811 1965 1863 2021 d;

194 2022 391 2066 eundem
421 2025 579 2067 autem
611 2022 817 2067 codicem
849 2023 909 2066 ad
939 2021 1111 2064 librum
1133 2020 1403 2065 maiusculis
1428 2021 1598 2065 litteris
1624 2025 1865 2067 exaratum

192 2095 342 2140 redire
365 2095 633 2141 testimonio
652 2098 759 2140 sunt
774 2095 911 2140 talia:
939 2085 1243 2150 ΝῖὰξιωΜὰ,
1277 2096 1864 2142 ὰπωειωηοιοῠειεκκ-

193 2171 356 2226 ΛΙΥΙΟ,
404 2170 1103 2226 ὰὸΙΝὰΕΤΟΟΕΤΕΛΛΕΙΨ-ΙΟ,
1156 2169 1864 2226 ΕγΟΙιὸΡΟΜΟΟὰΝΤΙΩΠΟΓΠ

196 2229 506 2285 PRONlChlL3
541 2231 688 2273 ΝΙΗΙΙ.
721 2228 976 2273 PRORSUS
997 2254 1020 2283 ·,
1053 2228 1153 2273 sim.
1215 2229 1258 2272 Is
1298 2227 1421 2272 enim
1452 2228 1532 2284 qui
1564 2230 1864 2288 archetypum

193 2287 487 2344 transcripsit
523 2302 617 2332 non
653 2287 931 2345 intellegens
971 2287 1139 2331 Latina
1176 2287 1406 2331 vocabula
1437 2287 1623 2332 Graecis
1657 2290 1864 2335 admixta

196 2359 294 2390 esse
326 2346 482 2391 omnia
513 2346 578 2391 eis
611 2346 957 2391 characteribus
987 2346 1208 2402 reddidit,
1241 2345 1406 2402 quibus
1441 2346 1583 2391 etiam
1613 2347 1663 2391 in
1695 2349 1862 2394 codici-

195 2405 283 2448 bus
314 2405 600 2450 minusculae
630 2405 924 2450 litteraturae
954 2405 1184 2449 vocabula
1209 2405 1386 2449 Graeca
1407 2405 1532 2449 tradi
1556 2406 1780 2451 solebant.
1808 2435 1862 2440 -—

196 2462 327 2516 Quod
373 2465 434 2508 ad
481 2464 860 2522 orthographiam
907 2463 1099 2520 attinet,
1145 2463 1362 2508 librarius
1401 2464 1590 2509 minime
1630 2465 1719 2510 sibi
1759 2480 1864 2511 con-

195 2522 338 2567 stitit:
378 2523 550 2567 etenim
578 2525 705 2568 haud
734 2525 782 2567 et
811 2525 955 2577 haut,>
982 2525 1107 2579 apud
1138 2525 1186 2567 et
1216 2529 1348 2580 aput,
1379 2525 1624 2568 maleuolus
1656 2528 1702 2569 et
1731 2527 1865 2570 mali-

194 2583 340 2636 uolus,
369 2585 499 2640 uei-9}
529 2585 576 2626 et
605 2585 743 2641 uio-92,
776 2581 943 2626 deinde
975 2584 1060 2638 aff-
1093 2584 1140 2626 et
1171 2583 1290 2637 ads„
1321 2596 1413 2626 ass·
1445 2584 1492 2626 et
1523 2584 1640 2637 ads-,
1672 2585 1785 2641 imp·
1817 2586 1864 2628 et

195 2641 313 2696 inp„
343 2654 429 2684 nec
458 2655 551 2685 non
582 2656 634 2686 ae
662 2655 684 2702 cg
713 2655 755 2695 e,
787 2656 836 2686 oe
866 2656 908 2695 e,
940 2642 959 2684 i
988 2656 1033 2698 y,
1063 2643 1093 2695 f
1115 2643 1175 2697 ph
1206 2641 1305 2686 sim.
1338 2641 1596 2698 promiscue
1623 2642 1863 2700 leguntur3

197 2699 440 2744 sollemnes
473 2699 727 2756 scripturae
760 2702 868 2743 sunt
897 2701 1053 2754 michi,
1082 2701 1239 2754 nichil,
1268 2700 1546 2754 habundare,
1578 2703 1864 2758 condempno,

197 2757 330 2802 aliae.
363 2785 420 2791 —
450 2758 599 2802 Valde
633 2758 883 2803 dolendum
914 2761 997 2815 est,
1029 2759 1155 2814 quod.
1186 2758 1284 2802 cod.
1311 2760 1369 2814 A,
1403 2757 1483 2814 qui
1513 2761 1566 2803 ut
1597 2760 1864 2816 antiquissi-

195 2830 298 2860 mus
329 2816 398 2861 ita
429 2817 628 2874 optimus
660 2817 755 2862 fere
787 2817 991 2861 omnium
1023 2819 1107 2874 est,
1136 2831 1231 2862 non
1258 2819 1410 2861 totum
1443 2820 1750 2863 commentum
1782 2820 1864 2863 sed

198 2877 410 2931 quartam
449 2876 770 2920 tantummodo
808 2878 990 2933 partem
1035 2875 1263 2921 continet:
1305 2875 1385 2920 fol.
1414 2882 1569 2920 1¹³—2u
1604 2877 1748 2922 vitam
1779 2878 1864 2923 ΤΘ-

198 2933 334 2990 renti,
364 2934 443 2980 fol.
464 2940 620 2979 2¹¹—ssf
634 2936 863 2979 tractatus
889 2935 946 2980 de
971 2934 1223 2991 comoedia,
1254 2934 1332 2979 fol.
1353 2939 1534 2979 (3f--51r
1557 2939 1866 2982 commentum
