2094 3140
102 515 172 561 10

683 165 1007 210 EVNVCHVS
1039 165 1207 210 PROL.
1242 171 1398 211 9-10.
1768 171 1873 222 273

354 294 383 340 6
431 307 557 339 IDEM
595 306 858 338 MENANDRI
904 305 1109 338 PHASMA
1156 307 1286 339 NVNC
1333 308 1497 340 vamt
1543 309 1697 340 naon·
1753 296 1873 342 hanc

203 366 425 414 fabulam
462 367 621 412 totam
660 364 882 425 damnat,
931 367 986 411 ut
1025 368 1252 426 apparet,
1300 366 1518 425 silentio,
1574 368 1873 415 Thesaurum

203 455 319 488 uero
358 455 456 486 non
493 440 674 498 totum,
715 438 799 486 sed
837 455 895 485 ex
934 454 1029 486 uno
1067 439 1188 487 loco.

319 507 394 560 10
452 514 478 558 1
532 526 701 564 ATQVE
752 527 803 558 IN
849 527 1116 561 TnnsAvao
1164 527 1390 560 scmpsn*
1438 527 1639 562 CAVSAM
1692 529 1873 561 umam:

205 581 540 634 ‘thesaurum'
573 585 740 632 Latini
772 588 957 634 veteres
983 586 1246 634 secundum
1272 586 1479 635 Graecos
1511 587 1614 634 sine
1639 587 1684 633 N
1709 587 1874 634 littera
1921 606 1939 635 5

200 659 526 722 proferebant.
688 662 716 706 2
773 675 941 713 ATQVE
989 674 1039 706 m
1086 675 1351 708 THESAvno
1402 675 1627 708 sempsm*
1675 675 1873 708 CAVSAM

200 748 387 780 monna
429 733 595 796 arguit
634 734 913 794 Terentius,
966 734 1095 795 quod
1134 733 1336 782 Luscius
1377 734 1659 782 Lanuuinus
1707 738 1876 782 contra

198 806 603 855 consuetudinem
641 807 947 870 litigantium
986 807 1316 855 defensionem
1355 811 1467 855 ante
1506 807 1874 856 accusationem

198 881 460 928 induxerit.
536 881 816 929 huiusmodi
865 882 994 928 enim
1041 884 1114 929 est
1153 881 1316 929 Luscii
1355 885 1719 945 argumentum:
1760 881 1875 929 adu-

198 956 403 1015 lescens,
444 954 530 1016 qui
558 971 662 1002 rem
700 955 997 1002 familiarem
1029 955 1091 1002 ad
1121 955 1391 1016 nequitiam
1433 955 1738 1018 prodegerat,
1777 971 1872 1003 ser-

197 1030 373 1076 uulum
426 1028 583 1076 mittit
637 1028 699 1077 ad
751 1029 908 1090 patris
962 1031 1351 1088 monumentum,
1406 1029 1535 1090 quod
1588 1043 1733 1076 senex
1781 1028 1874 1076 sibi

195 1103 342 1150 uiuus
381 1102 573 1166 magnis
613 1102 784 1164 opibus
824 1104 1173 1164 apparauerat,
1213 1105 1267 1150 ut
1306 1103 1356 1149 id
1395 1102 1608 1164 aperiret
1646 1102 1874 1150 illaturus

197 1178 391 1239 epulas,
439 1191 560 1238 quas
606 1179 748 1238 pater
793 1179 906 1237 post
951 1192 1133 1223 annum
1180 1175 1420 1223 decimum
1466 1179 1666 1224 cauerat
1705 1175 1873 1223 inferri

194 1251 304 1299 sibi.
383 1250 467 1298 sed
512 1266 623 1297 eum
670 1266 863 1312 agrum,
910 1250 962 1296 in
1009 1265 1104 1310 quo
1151 1253 1518 1297 monumentum
1558 1253 1684 1308 erat,
1731 1264 1875 1296 senex

196 1323 402 1386 quidam
425 1338 603 1372 auarus
629 1323 688 1370 ab
714 1323 1023 1371 adulescente
1048 1326 1243 1371 emerat.
1282 1338 1449 1371 seruus
1474 1323 1535 1370 ad
1561 1322 1874 1384 aperiendum

195 1399 568 1446 monumentum
615 1397 796 1446 auxilio
837 1412 951 1445 usus
990 1396 1139 1457 senis,
1186 1398 1468 1444 thesaurum
1515 1413 1624 1444 cum
1663 1396 1875 1457 epistula

196 1471 380 1519 ibidem
418 1471 647 1533 repperit.
724 1486 868 1519 senex
906 1471 1190 1518 thesaurum
1228 1474 1480 1532 tamquam
1521 1486 1549 1517 a
1588 1484 1636 1517 se
1675 1485 1763 1531 per
1798 1472 1875 1516 tu-

195 1547 411 1593 multum
456 1545 687 1593 hostilem
732 1545 836 1592 illic
883 1544 1128 1592 defossum
1176 1544 1357 1592 retinet
1405 1546 1454 1591 et
1499 1543 1592 1591 sibi
1641 1542 1874 1590 uindicat.

199 1619 485 1667 adulescens
536 1619 747 1667 iudicem
797 1618 951 1680 capit,
1006 1618 1136 1679 apud
1191 1634 1334 1679 quem
1384 1617 1520 1679 prior
1572 1632 1736 1675 senex,
1792 1617 1876 1676 qui

198 1710 375 1741 aurum
412 1693 614 1753 retinet,
656 1708 854 1740 causam
893 1707 1032 1739 suam
1070 1692 1139 1739 sic
1180 1692 1284 1754 agit
1323 1687 1638 1738 ‘Atheniense
1678 1690 1876 1748 bellum,
1900 1707 1918 1736 ε

198 1782 311 1815 cum
347 1766 706 1814 Rhodiensibus
741 1759 747 1831 Ι
784 1765 914 1827 quod
952 1765 1121 1826 fuerit,
1170 1765 1287 1826 quid
1334 1780 1422 1828 ego
1468 1764 1547 1812 hic
1585 1763 1874 1825 praedicem,

199 1841 333 1902 quod
371 1843 427 1888 tu
467 1835 654 1888 scias'?
693 1842 783 1887 etc.
870 1855 993 1900 quae
1033 1842 1203 1887 contra
1241 1841 1470 1886 naturam
1509 1837 1724 1898 iurisque
1764 1852 1874 1884 con-

197 1914 509 1963 suetudinem
554 1915 716 1976 posita
763 1914 1052 1976 argumenta
1096 1915 1238 1960 notat
1283 1912 1560 1971 Terentius,
1616 1910 1745 1971 quod
1791 1910 1875 1957 ille

320 2104 343 2143 1
376 2098 503 2144 idem
525 2112 598 2143 me
618 2123 625 2132 ·
643 2097 762 2155 phas
784 2124 792 2131 ·
810 2111 933 2142 nunc
949 2097 1007 2141 de
1026 2122 1035 2131 ·
1055 2098 1100 2143 Β
1118 2096 1128 2163 J
1153 2096 1326 2153 phama
1347 2097 1388 2140 T
1405 2095 1421 2154 11
1445 2099 1470 2138 2
1489 2094 1712 2150 dampnat
1729 2094 1876 2159 totam

202 2160 247 2204 T
263 2161 278 2217 11
302 2164 330 2204 4
354 2158 534 2218 monna]
561 2158 612 2201 d·
639 2159 685 2202 Β
707 2159 723 2215 11
746 2162 772 2201 5
798 2156 980 2201 sine-h·
1007 2156 1058 2214 V,
1091 2154 1270 2199 sun-U·
1299 2154 1338 2199 Ο
1358 2157 1365 2211 1
1392 2151 1688 2211 proferebant
1716 2150 1875 2195 littera

203 2247 292 2292 TO
332 2250 348 2306 11
393 2252 420 2291 6
459 2261 755 2290 m—mcnna
793 2259 878 2290 om.
918 2246 964 2289 Β
1015 2246 1031 2302 11
1084 2248 1108 2286 ’1
1156 2242 1304 2287 luc-ius
1339 2243 1396 2297 T,
1442 2239 1587 2284 lutius
1626 2239 1681 2294 C,
1727 2219 1876 2283 lu⁸cius

194 2338 322 2394 (aser.
340 2351 397 2381 m.
414 2338 462 2394 2)
486 2336 539 2391 V,
563 2334 601 2378 1-
619 2335 665 2378 B
693 2337 699 2385 ι
725 2329 1345 2389 1a-13‚0m.T0V1191uefi
1364 2329 1412 2384 e,
1444 2310 1556 2372 11:051
1586 2330 1708 2386 (sacr.
1741 2341 1796 2370 m.
1828 2329 1875 2382 2)

207 2396 252 2440 V
269 2398 285 2454 11
309 2399 364 2440 10
388 2409 487 2440 rem
523 2397 636 2438 tunc
655 2394 697 2437 T
705 2393 740 2438 Ο
765 2395 771 2449 1
799 2391 860 2436 ad
882 2389 1143 2447 nequitiam
1165 2404 1248 2435 om,
1273 2390 1313 2433 T
1335 2392 1341 2445 1
1369 2387 1622 2446 seruulum]
1647 2402 1783 2431 *nm*
1803 2386 1878 2443 Β11

200 2459 256 2499 11
288 2453 451 2499 mittat
561 2456 567 2510 1
604 2451 697 2498 sibi
727 2466 809 2497 om.
845 2450 882 2495 G
915 2452 930 2507 11
971 2455 1024 2494 12
1057 2447 1274 2507 operibus
1308 2447 1364 2504 0,
1395 2447 1517 2503 (add.
1551 2445 1659 2502 sibi)
1691 2446 1736 2490 Β
1762 2446 1768 2500 1
1797 2457 1878 2501 ap-

199 2525 421 2600 paffierat
452 2543 516 2587 Ol
543 2544 549 2599 1
577 2541 627 2585 id
659 2540 904 2598 appareret
928 2539 974 2583 Β
995 2539 1011 2594 11
1036 2542 1091 2581 13
1123 2550 1238 2593 quas
1262 2538 1397 2593 pater
1425 2549 1510 2580 om.
1536 2535 1580 2579 Β
1607 2535 1614 2592 1
1703 2533 1764 2591 st]
1786 2545 1880 2599 per

198 2601 244 2647 Ο
271 2603 279 2662 1
312 2602 452 2647 inferi
482 2603 528 2647 Β
564 2603 580 2659 11
620 2605 675 2644 14
706 2599 831 2658 eum]
863 2612 969 2642 cum
1008 2597 1047 2642 Ο
1078 2599 1095 2653 11
1134 2601 1187 2640 15
1228 2595 1287 2639 ab
1318 2608 1423 2640 secr.
1458 2593 1521 2638 0¹
1554 2596 1560 2649 Ι
1595 2606 1624 2637 a
1697 2604 1878 2649 panen-

191 2659 316 2705 dum
337 2662 383 2707 Β
404 2663 420 2719 11
454 2665 508 2705 17
541 2673 672 2705 senes
701 2659 743 2703 T
764 2661 771 2714 1
797 2655 1029 2702 tumulum
1054 2655 1091 2700 0
1102 2655 1117 2680 ¹
1147 2658 1275 2713 (corr.
1301 2669 1356 2699 m.
1381 2656 1429 2710 2)
1451 2655 1467 2709 11
1491 2657 1546 2696 18
1577 2651 1792 2696 detexum
1827 2649 1877 2703 T,

200 2718 422 2765 defexum
450 2721 525 2777 (ex
553 2720 606 2764 in
636 2733 695 2764 ox
731 2731 844 2764 corr.
875 2730 932 2760 m.
957 2717 1006 2771 2)
1037 2714 1077 2759 Ο
1107 2717 1114 2771 1
1148 2712 1368 2758 uendicat
1398 2710 1549 2757 BGV
1580 2712 1596 2767 11
1635 2715 1688 2754 19
1728 2706 1877 2775 capud

210 2778 252 2823 1·
282 2782 290 2834 1
329 2791 472 2824 senex
498 2777 627 2836 prior
658 2778 704 2823 Β
740 2778 756 2834 11
794 2780 851 2820 20
890 2787 1023 2819 suam
1060 2773 1130 2819 bis
1158 2773 1204 2817 Β
1246 2775 1253 2829 Ι
1294 2770 1365 2815 ait
1395 2770 1501 2816 BV
1536 2773 1543 2826 1
1585 2768 1876 2836 athememea

199 2836 307 2894 (-sis
337 2837 401 2894 Β)
436 2837 589 2892 codd,
634 2850 748 2882 corr.
787 2835 920 2880 Sabb.
957 2836 974 2886 Ι
1023 2837 1079 2876 21
1126 2830 1251 2888 quod
1289 2830 1356 2875 ed.
1390 2843 1486 2886 pn:
1534 2826 1647 2884 qmd
1690 2824 1815 2871 codd.
1838 2824 1877 2890 J

199 2899 260 2940 22
292 2894 420 2952 quod
445 2897 500 2941 tu
530 2894 653 2941 scias
682 2895 751 2941 F:
790 2893 917 2950 quod
953 2889 1107 2936 tuscia
1143 2888 1309 2948 (uiscia
1345 2886 1598 2945 T).13To,
1643 2882 1767 2941 quod
1804 2894 1875 2927 ms

211 2954 256 2999 V
287 2955 304 3012 11
341 2958 399 2998 28
436 2954 732 3013 argumenta]
762 2951 920 3011 arguit
950 2952 999 2996 et
1028 2949 1221 3007 Bentley

291 3035 437 3071 Donati
457 3044 590 3070 oomn-
612 3044 686 3070 τοο.
709 3034 944 3069 Wennor.
1555 3019 1611 3062 18

1901 973 1940 1003 10

1899 1338 1940 1371 1⁵
