2094 3140
269 155 376 207 268
785 153 1015 197 DONATI
1047 151 1438 197 COMMENTVM

271 280 398 328 dono
432 281 616 327 amicae
650 295 763 327 suae
795 280 929 326 uexit
955 277 1143 324 Thaidi.
1206 293 1377 324 uerum
1400 279 1662 338 postquam
1687 276 1949 325 adueniens

269 354 477 401 riualem
515 353 807 400 Phaedriam
848 352 978 413 apud
1019 353 1226 398 amicam
1263 352 1501 412 repperit,
1542 367 1684 411 quem
1722 367 1809 412 per
1848 351 1951 398 eius

274 427 545 476 absentiam
600 427 693 474 sibi
737 427 966 473 meretrix
1022 426 1391 485 conciliauerat,
1446 425 1713 472 affirmauit
1759 440 1807 472 se
1854 440 1952 472 non

273 504 385 549 ante
410 501 640 548 daturum
663 501 954 561 promissam
979 500 1241 561 uirginem,
1277 514 1424 559 quam
1450 499 1598 546 Thais
1630 499 1762 545 foras
1789 514 1951 545 aemu-

270 575 374 621 lum
420 575 700 636 pepulisset.
777 573 865 619 illa
903 572 1056 634 igitur
1095 574 1187 619 etsi
1227 572 1425 619 amabat
1463 572 1777 632 Phaedriam,
1817 573 1950 634 cupi-
1997 593 2018 626 5

273 649 427 696 ditate
478 651 643 694 tamen
694 646 1054 707 recuperandae
1109 646 1316 708 uirginis
1371 648 1421 693 et
1475 647 1595 694 ciuis
1649 646 1846 694 Atticae
1903 647 1952 692 et

274 737 422 783 quam
455 737 483 767 a
514 721 724 781 paruula
761 722 818 767 ut
858 735 1070 767 sororem
1110 719 1367 779 dilexerat,
1408 720 1613 767 exclusit
1644 719 1949 767 Phaedriam.

271 797 386 842 hinc
438 796 521 841 ille
575 794 732 855 primo
787 793 1037 854 irascitur,
1091 795 1204 854 post
1259 795 1459 854 accepta
1511 794 1632 841 facti
1683 795 1875 841 ratione
1924 810 1953 841 a

274 869 459 916 Thaide
499 868 680 915 lenitur
719 868 767 914 et
804 869 856 913 in
887 867 1026 913 bidui
1057 866 1272 928 spatium
1304 869 1474 927 sponte
1508 867 1771 915 concedens
1802 867 1954 914 militi

272 958 354 990 rus
393 941 716 1003 proficiscitur
755 941 925 988 statim
965 956 1042 1002 ac,
1089 956 1149 987 ne
1195 941 1276 987 uel
1321 940 1601 988 muneribus
1650 941 1709 988 ab
1761 941 1951 988 aemulo
1976 962 2020 993 10

274 1018 586 1076 superaretur
646 1015 826 1074 milite,
887 1016 991 1075 ipse
1055 1029 1247 1075 quoque
1309 1015 1584 1062 eunuchum
1638 1017 1687 1062 et
1735 1015 1953 1076 puellam

273 1088 566 1136 Parmenoni
627 1088 764 1135 iubet
818 1087 985 1135 abiens
1049 1087 1111 1134 ad
1174 1088 1382 1135 amicam
1443 1088 1690 1135 deducere.
1781 1105 1953 1136 uerum

276 1161 490 1211 Chaerea
528 1162 682 1210 frater
719 1161 990 1209 Phaedriae
1022 1164 1140 1208 tunc
1173 1161 1385 1223 ephebus
1416 1163 1526 1209 uisa
1555 1163 1607 1208 in
1645 1163 1730 1209 uia
1759 1163 1953 1225 uirgine

272 1236 605 1283 infiammatus
646 1251 809 1283 amore
857 1237 960 1283 eius
1010 1235 1071 1283 ad
1109 1236 1202 1283 hoc
1249 1237 1408 1283 euasit
1448 1235 1619 1283 ardore
1658 1237 1953 1297 uehementi,

273 1312 330 1357 ut
367 1325 455 1372 pro
496 1310 715 1357 eunucho
754 1311 858 1370 ipse
898 1309 1219 1356 deduceretur
1258 1309 1320 1357 ad
1359 1309 1609 1357 Thaidem.
1685 1310 1778 1357 hac
1817 1325 1952 1357 occa·
1977 1329 2020 1362 15

275 1386 408 1431 sione
447 1385 628 1431 uitiata
666 1385 806 1446 uirgo
855 1385 904 1430 et
941 1398 1055 1430 mox
1095 1385 1215 1431 ciuis
1256 1386 1305 1430 et
1342 1383 1522 1430 nobilis
1571 1385 1769 1446 cognita
1806 1383 1952 1431 datur

273 1473 396 1505 uxor
436 1457 704 1518 Chaereae3
743 1457 986 1504 Phaedria
1032 1458 1082 1504 et
1126 1458 1266 1505 miles
1313 1473 1371 1504 ex
1408 1457 1647 1504 riualibus
1695 1457 1954 1505 concordes

274 1547 362 1594 per
400 1532 675 1592 parasitum
711 1530 894 1578 redditi
942 1533 1188 1578 communi
1228 1532 1386 1578 amica
1424 1531 1527 1578 sine
1567 1531 1831 1579 certamine
1869 1546 1956 1593 po-

275 1606 481 1652 tiuntur.

1072 1722 1161 1769 III.

392 1857 417 1900 1
475 1853 534 1900 In
564 1853 723 1915 primo
757 1856 869 1902 actu
893 1854 1136 1902 Phaedria
1167 1855 1388 1902 exclusus
1421 1871 1450 1902 a
1482 1855 1668 1903 Thaide
1707 1857 1757 1903 et
1795 1870 1958 1903 secum
1981 1873 2026 1906 20

275 1929 436 1988 primo
476 1930 526 1975 et
563 1944 675 1976 mox
722 1944 831 1976 cum
870 1927 1172 1976 Parmenone
1220 1930 1534 1989 conqueritur
1578 1929 1802 1977 fortunas
1842 1943 1956 1977 suas

398 2102 421 2140 1
456 2110 566 2140 suae
598 2110 680 2142 om.
714 2097 759 2141 V
790 2100 804 2154 ss
843 2103 868 2140 2
900 2097 1116 2155 riualem]
1150 2098 1197 2141 et
1225 2097 1396 2141 malem
1431 2098 1501 2154 T!
1537 2110 1627 2153 que
1660 2098 1696 2142 O
1731 2099 1746 2155 ΙΙ
1792 2102 1818 2140 3
1851 2111 1961 2142 con-

278 2154 522 2199 siliauerat
555 2157 596 2200 Τ
635 2158 640 2211 Ι
682 2170 775 2200 non
815 2158 923 2200 ante
963 2171 1011 2201 se
1055 2156 1196 2200 TCF
1229 2158 1244 2213 Η
1283 2161 1310 2198 4
1357 2156 1560 2199 emulum
1589 2155 1702 2199 foris
1734 2155 1866 2212 (furis
1902 2157 1960 2213 T)

283 2214 427 2259 TGF
458 2216 472 2271 ΙΙ
510 2219 536 2258 5
575 2214 861 2271 pepercisset
897 2216 938 2259 T
977 2218 982 2272 Ι
1020 2214 1184 2274 igitur]
1217 2229 1326 2271 ergo
1363 2215 1505 2259 TOF
1538 2218 1553 2272 ΙΙ
1592 2219 1616 2258 6
1650 2217 1809 2259 tamen
1840 2215 1960 2282 <et>

282 2274 324 2316 T
333 2273 426 2318 OF
447 2277 453 2331 Ι
481 2272 686 2332 Atticae]
719 2274 867 2319 amice
901 2275 939 2318 Ο
946 2274 997 2318 F
1013 2276 1027 2331 ΙΙ
1053 2279 1076 2318 7
1111 2273 1318 2318 excludit
1346 2275 1387 2318 T
1404 2276 1418 2331 ΙΙ
1442 2278 1468 2317 8
1498 2273 1576 2318 hic
1602 2273 1696 2318 OF
1717 2276 1724 2330 Ι
1751 2275 1961 2318 oratione

1765 2343 1785 2366 C

283 2376 325 2419 Τ
334 2376 427 2420 OF
463 2377 469 2432 Ι
512 2390 541 2419 a
571 2390 654 2421 om.
691 2377 734 2421 T
774 2380 790 2435 Η
836 2381 861 2420 9
909 2379 957 2422 et
994 2381 1043 2431 in
1081 2376 1216 2422 bidui
1247 2376 1449 2434 spatium
1480 2378 1644 2433 sponte
1676 2377 1961 2430 contendens

279 2433 422 2478 militi
461 2435 521 2489 V,
569 2437 617 2479 et
655 2437 733 2492 (qa,
774 2437 831 2492 T)
868 2435 919 2479 in
957 2450 1011 2480 eo
1050 2437 1218 2481 cedens
1257 2435 1542 2493 (fficocedffis
1586 2436 1646 2492 T,
1683 2435 1735 2479 in
1773 2437 1962 2480 conten-

281 2493 394 2536 dens
428 2493 497 2550 F)
541 2493 683 2538 militi
725 2494 879 2551 (multi
916 2495 983 2552 T)
1013 2494 1149 2539 bidui
1191 2495 1396 2552 spatium
1438 2496 1602 2552 sponte
1640 2494 1738 2551 (-tis
1771 2495 1960 2539 credens

285 2552 343 2610 T)
378 2551 521 2596 TGF
546 2554 561 2610 ΙΙ
596 2557 652 2597 10
683 2554 760 2654 aci}
793 2555 950 2598 autem
989 2554 1033 2598 V
1062 2555 1067 2610 Ι
1103 2553 1224 2614 (in)
1255 2553 1523 2598 muneribus
1557 2553 1596 2598 0
1624 2556 1631 2610 1
1667 2553 1725 2597 ab
1758 2553 1960 2613 aemulo]

282 2610 499 2654 abeundo
544 2611 645 2667 TO,
695 2625 723 2655 a
757 2612 909 2656 eundo
948 2612 999 2656 F
1038 2615 1054 2671 ΙΙ
1101 2618 1154 2656 11
1202 2612 1303 2670 ipse
1342 2613 1544 2672 quoque]
1593 2611 1765 2668 quique
1812 2613 1962 2669 (quin-

281 2682 371 2725 que
405 2669 459 2726 0,
492 2682 775 2726 quamquam
810 2671 865 2727 T)
895 2670 996 2728 ipse
1031 2671 1174 2716 TOF
1204 2674 1223 2729 ΙΙ
1261 2676 1314 2715 12
1353 2669 1645 2728 parmenonii
1679 2671 1722 2714 T
1753 2673 1759 2727 1
1795 2671 1962 2716 ducere

289 2728 541 2785 T0F1113
574 2727 764 2772 chedria
798 2730 840 2774 T
873 2731 888 2786 ΙΙ
934 2734 989 2773 14
1022 2729 1106 2790 <in
1175 2743 1330 2775 amore
1369 2730 1440 2786 V!
1468 2729 1530 2774 ad
1557 2729 1644 2773 hec
1678 2730 1734 2785 0,
1767 2730 1829 2774 ad
1857 2729 1964 2774 hui⁹

285 2787 328 2831 T
362 2789 378 2845 ΙΙ
417 2791 472 2831 15
505 2787 694 2831 duceret
725 2787 776 2831 F
793 2790 808 2845 ΙΙ
841 2792 895 2832 16
927 2787 1099 2833 uitiata
1150 2789 1353 2834 inti-acta
1386 2789 1425 2834 G
1450 2790 1465 2845 ΙΙ
1496 2793 1550 2832 17
1583 2787 1704 2848 (et)
1735 2787 1976 2855 phaedria·

291 2875 335 2919 V
360 2876 376 2932 ιι
406 2878 463 2919 18
493 2856 776 2932 parasssitum
814 2875 859 2919 V
887 2878 893 2932 ι
927 2875 1028 2920 redi
1063 2877 1115 2934 T,
1161 2875 1336 2922 redidit
1360 2877 1400 2922 G
1438 2879 1454 2934 ιι
1498 2881 1555 2921 20
1587 2851 1700 2936 (ἃ)
1724 2875 1774 2921 in
1797 2877 1845 2921 B
1873 2878 1892 2934 .ι
1933 2889 1964 2920 a

283 2933 468 2979 Thaide
498 2947 581 2979 om.
614 2935 661 2978 B
687 2937 693 2991 Ι
722 2935 931 2979 secutum
962 2935 1014 2979 F
