2072 3146
210 129 336 171 XXX
866 127 1218 173 PRAEFATIO.

213 255 550 317 apographum
591 255 851 302 confecisse
885 256 1193 317 cognoscitur
1233 257 1281 302 et
1319 270 1375 301 ex
1414 255 1567 316 ipsius
1600 257 1647 302 et
1679 255 1889 302 aliorum

211 329 451 390 epistulis,
506 328 564 375 de
620 328 796 389 quibus
852 329 909 375 cf.
968 327 1256 389 Sabbadini,
1313 322 1495 390 ‘Biogn
1551 328 1601 374 di
1653 324 1887 389 Aurispa'

209 419 255 463 p.
284 404 513 463 83—85,
557 398 744 449 ‘Museo
776 397 901 448 ital.'
934 401 1011 448 III
1038 402 1275 462 385sqq.,
1308 396 1474 448 ‘Studi
1504 397 1629 448 ital.'
1662 402 1712 449 Π
1741 396 1890 463 17sq.

214 476 369 523 Simul
411 477 669 524 edocemur
699 475 965 536 Aurispam
1006 476 1347 538 apographum
1379 491 1520 522 suum
1554 475 1728 523 Carolo
1760 476 1888 523 Mar-

210 552 409 611 suppini
446 553 565 597 tunc
603 550 887 597 Florentino
927 549 1209 610 tradidisse,
1256 550 1344 610 qui
1380 549 1505 595 illud
1543 550 1892 597 transcriberet

207 624 257 670 id
299 627 372 671 est
412 620 712 671 ‘emendaret
752 626 799 670 et
834 624 885 669 in
922 623 1194 686 digniorem
1227 618 1498 683 aspectum’
1529 622 1773 686 redigeret
1805 618 1885 690 (cf.

211 693 355 744 ‘Mus
389 694 514 744 ital'
548 690 794 762 111418)3
837 697 965 757 quod
1004 697 1105 744 fere
1136 698 1269 743 intra
1301 711 1452 744 annos
1489 698 1627 744 1439
1663 700 1712 744 et
1747 699 1884 745 1446

210 772 408 819 videtur
450 787 550 819 esse
589 772 787 818 factum.
851 771 923 817 Ex
955 770 1250 832 Vespasiani
1283 773 1446 817 autem
1478 770 1751 818 Florentini
1782 771 1887 818 offi-

208 847 318 894 cina
363 846 548 907 prodiit
581 846 634 906 V,
681 845 971 906 prodierunt
1017 847 1119 892 sine
1167 845 1314 892 dubio
1353 844 1554 904 Lch,
1601 843 1890 906 prodierunt

210 919 419 980 denique
478 919 578 980 Oa,
634 919 844 966 eundem
897 934 1042 980 porro
1090 918 1450 980 Vespasianum
1503 918 1888 966 familiarissime

206 1008 349 1040 usum
404 1009 504 1041 esse
558 992 837 1040 hominibus
893 993 1048 1040 doctis
1103 993 1456 1054 litteratisque,
1513 1007 1633 1053 quos
1680 992 1887 1040 Medice-

208 1083 346 1114 orum
395 1068 572 1114 eximia
618 1067 892 1114 liberalitas
932 1067 1236 1113 Florentiam
1275 1068 1651 1126 convocaverat,
1697 1082 1773 1114 res
1814 1070 1889 1114 est

207 1143 476 1188 notissima.
555 1133 730 1201 Itaque
777 1157 874 1187 non
920 1156 1120 1202 prorsus
1161 1156 1189 1186 a
1228 1141 1452 1187 veritatis
1492 1141 1651 1202 specie
1689 1141 1888 1188 videtur

204 1215 429 1263 recedere
476 1217 757 1263 coniectura
802 1214 899 1276 ipsi
938 1215 1279 1276 Marsuppinio
1326 1214 1491 1261 deberi
1537 1230 1646 1261 eam
1691 1214 1750 1260 de
1790 1231 1888 1276 qua

206 1305 334 1336 nunc
367 1291 535 1352 agitur
564 1290 896 1337 recensionem
928 1282 1029 1354 (φ).
1094 1287 1229 1344 Quae
1262 1288 1303 1335 si
1333 1290 1406 1334 ita
1437 1290 1567 1347 sunt,
1599 1304 1624 1335 e
1649 1288 1811 1335 codice
1847 1289 1891 1336 V

207 1362 515 1410 Phormionis
541 1364 782 1423 lacunam,
816 1378 964 1423 quam
988 1365 1047 1409 ut
1069 1364 1174 1423 ipse
1197 1362 1521 1424 Maguntinus
1544 1363 1619 1408 ita
1641 1362 1886 1423 Aurispae

207 1437 546 1500 apographum
584 1436 812 1497 habebat,
853 1437 1097 1498 expletam
1137 1451 1239 1483 esse
1280 1450 1528 1483 sumamus
1563 1451 1757 1483 necesse
1790 1439 1885 1497 est3

205 1513 287 1558 cui
341 1510 562 1572 opinioni
614 1511 821 1558 fortasse
876 1511 1012 1558 favet
1066 1512 1298 1557 omissum
1352 1509 1414 1556 ad
1459 1509 1655 1557 Phorm.
1695 1509 1745 1556 II
1780 1513 1825 1569 1,
1855 1512 1881 1557 7

205 1585 465 1645 scholium,
513 1585 643 1646 quod
680 1600 808 1631 unus
848 1585 1063 1632 servavit
1102 1582 1293 1631 Guiacii
1331 1583 1501 1644 codex,
1548 1584 1655 1645 qui,
1701 1586 1758 1630 ut
1794 1584 1886 1631 hoc

205 1661 374 1705 statim
392 1658 582 1719 addam,
601 1675 748 1720 quam
764 1659 983 1720 proxime
1001 1657 1190 1705 accedit
1210 1657 1272 1704 ad
1289 1657 1585 1704 librorumR
1599 1658 1642 1704 T
1651 1657 1691 1705 Ο
1696 1659 1747 1704 F
1753 1651 1773 1709 (
1780 1657 1818 1705 O
1829 1651 1884 1723 a)

206 1734 507 1780 memoriam.

351 1807 525 1854 Restat
569 1809 628 1853 ut
675 1806 874 1854 doceam
922 1821 1047 1866 quae
1091 1807 1221 1852 inter
1267 1804 1493 1852 meliores
1534 1807 1582 1852 et
1621 1805 1885 1853 deteriores

205 1880 393 1928 codices
447 1880 722 1928 intercedat
773 1881 915 1927 ratio.
999 1878 1163 1940 Atque
1217 1895 1277 1925 ne
1333 1879 1508 1941 longus
1559 1879 1673 1939 sim,
1726 1895 1885 1940 pauca

203 1954 404 2001 afferam
451 1955 673 2016 exempla
719 1953 1012 2016 insigniora,
1061 1968 1269 2014 quorum
1317 1968 1577 2000 numerum
1623 1953 1761 2000 nullo
1801 1969 1883 2000 ne-

203 2027 338 2090 gotio
380 2044 558 2090 augere
596 2029 725 2076 licet.

402 2266 633 2312 Meliores
671 2266 805 2312 libri:
1259 2264 1533 2310 Detcriorcs
1571 2262 1706 2310 libri.-

205 2366 499 2428 Aredrffirol.
522 2370 591 2414 12
614 2383 729 2431 ergo
756 2371 804 2415 et
823 2383 999 2429 poema
1090 2382 1203 2429 ergo
1243 2367 1294 2413 in
1333 2368 1558 2428 poemate
1600 2366 1755 2413 oratio
1795 2367 1880 2412 est.

611 2443 781 2490 oratio.
954 2507 956 2509 Ι

279 2581 306 2605 „
381 2545 419 2591 Ι
427 2544 769 2600 V5,19maior
830 2547 879 2591 et
937 2545 998 2591 ad
1088 2544 1245 2591 maior
1283 2569 1355 2576 -—
1393 2541 1619 2605 pariliter
1664 2543 1715 2588 et
1752 2556 1879 2589 com-

606 2634 848 2665 summam
866 2620 998 2665 aeta·
1162 2617 1389 2679 paratiue
1435 2618 1485 2663 et
1527 2614 1878 2663 similitudi-

605 2693 669 2738 tis
707 2692 919 2738 refertur
951 2693 1000 2738 et
1162 2683 1398 2756 narie(!)
1415 2690 1629 2752 positum
1641 2687 1722 2748 (cf.
1733 2686 1876 2735 Arch.

603 2765 664 2812 ad
675 2766 998 2827 comparatio·
1163 2766 1376 2824 Zcaeicoyr.
1440 2764 1519 2811 lat.
1582 2763 1703 2809 XII
1744 2764 1879 2820 284,-

607 2855 718 2886 nem
774 2839 999 2900 pariliter
1163 2837 1310 2898 400).

605 2913 834 2974 positum.
