2094 3140
218 140 293 193 40
737 112 967 184 nONATI
1000 141 1390 186 COMMENTVM

337 268 367 314 3
408 268 555 315 tertio
604 267 735 314 actui
780 267 900 314 haec
948 267 1305 314 attribuuntur:
1351 267 1557 329 Mysidis
1596 283 1705 315 cum
1746 268 1902 316 obste-

218 340 341 389 trice
403 341 700 402 colloquium
754 341 895 388 Dauo
959 355 1015 387 ac
1078 340 1272 388 Simone
1335 341 1644 389 audientibus
1708 335 1791 407 (sc.
1834 336 1904 407 1),

218 418 390 477 partus
425 414 638 475 Glycerii
679 416 930 475 suspectus
971 415 1073 461 seni
1115 416 1164 461 et
1195 414 1325 461 Daui
1365 415 1494 476 apud
1534 415 1739 462 eundem
1770 416 1902 462 frau-

221 489 423 536 dulenta
463 490 805 536 sermocinatio
847 482 931 553 (sc.
956 482 1031 553 2),
1074 487 1284 535 Simonis
1324 490 1473 536 uerba
1506 504 1614 536 cum
1649 488 1902 537 Chremete

221 562 278 610 de
318 563 505 624 nuptiis
546 556 630 628 (sc.
656 555 730 628 3),
768 561 898 608 Daui
935 562 1241 622 perturbatio
1282 564 1330 609 et
1368 562 1614 624 Pamphili
1655 557 1739 629 (sc.
1766 556 1835 628 5).

333 638 364 683 4
407 638 637 697 quartum
670 637 832 682 actum
862 651 950 696 per
980 635 1100 681 haec
1130 636 1485 698 intellegimus:
1515 637 1675 698 prima
1700 636 1901 684 Charini

221 711 370 757 uerba
420 712 534 758 sunt
580 709 885 771 indignantis
931 709 1070 756 uelut
1114 707 1258 756 fidem
1306 710 1398 757 sibi
1444 725 1541 757 non
1589 712 1834 757 seruatam
1874 727 1903 756 a

219 784 480 846 Pamphilo
531 775 725 848 (30.1),
780 786 886 829 tum
940 782 1145 844 Mysidis
1200 783 1351 830 uerba
1407 783 1535 845 apud
1589 784 1902 845 Pamphilum

221 851 308 923 (sc.
332 851 390 922 ,2)
433 856 744 917 eiusdemque
785 858 984 917 questus
1018 850 1102 922 (sc.
1128 851 1201 922 3),
1239 859 1345 903 tum
1377 857 1507 904 Daui
1541 857 1901 905 administratio

220 931 320 978 doli
361 931 591 978 aduersus
635 930 870 977 Chremen
911 923 996 996 (sc.
1021 923 1089 994 4).

333 1006 362 1052 5
404 1005 455 1051 in
496 1006 666 1065 quinto
709 1007 821 1051 actu
853 1003 1123 1051 Chremetis
1164 1006 1212 1051 et
1245 1004 1455 1052 Simonis
1495 1021 1646 1067 prope
1686 1006 1902 1068 iurgium

220 1078 490 1140 disputatio
524 1080 598 1126 est
629 1071 714 1145 (sc.
742 1071 810 1143 1),
839 1080 948 1126 tum
979 1077 1190 1126 detectio
1221 1079 1532 1126 fallaciarum
1555 1079 1686 1126 Daui
1719 1073 1804 1146 (sc.
1828 1072 1903 1144 2),

217 1155 325 1198 tum
355 1152 631 1214 indignatio
663 1152 820 1214 patris
854 1151 1112 1199 aduersum
1142 1151 1299 1199 filium
1333 1145 1417 1218 (sc.
1444 1146 1516 1218 3),
1547 1155 1655 1200 tum
1689 1151 1902 1201 Critonis

217 1227 525 1274 interuentus
566 1228 615 1273 et
651 1242 739 1287 per
779 1242 890 1273 eum
929 1226 1138 1288 cognitis
1175 1226 1319 1274 rebus
1365 1227 1417 1272 in
1462 1227 1788 1288 tranquillum
1825 1242 1901 1274 res

220 1302 329 1347 acta
375 1299 663 1347 ducentibus
709 1315 882 1347 uxores
938 1315 1057 1360 quas
1113 1301 1495 1362 concupiuerant
1540 1300 1799 1363 Pamphilo
1855 1303 1903 1348 et

222 1372 433 1421 Charino
475 1367 561 1439 (sc.
597 1377 627 1419 4
661 1377 703 1420 et
734 1367 804 1439 5).

333 1449 361 1494 6
417 1446 548 1494 Illud
594 1463 682 1494 nos
738 1463 1040 1495 commouere
1090 1463 1190 1495 non
1236 1447 1401 1508 debet,
1457 1448 1586 1508 quod
1630 1449 1683 1495 in
1728 1448 1903 1496 horum

220 1523 418 1569 actuum
459 1521 771 1569 distinctione
810 1520 1042 1568 uidentur
1079 1521 1137 1568 de
1177 1522 1462 1583 proscaenio
1494 1537 1593 1569 non
1625 1522 1903 1570 discessisse

218 1610 455 1657 personae
510 1594 772 1656 quaedam,
826 1595 908 1643 sed
957 1597 1122 1643 tenere
1176 1595 1405 1643 debemus
1459 1595 1569 1644 ideo
1620 1596 1904 1644 Terentium

218 1669 492 1716 uicinitatis
545 1669 844 1716 mentionem
897 1669 1068 1717 fecisse
1122 1669 1174 1715 in
1229 1670 1472 1731 principio
1527 1663 1588 1736 (I
1613 1674 1658 1725 1,
1685 1663 1800 1736 43),
1845 1670 1902 1716 ut

217 1742 409 1790 modico
445 1744 647 1804 receptu
685 1746 734 1790 et
773 1743 943 1790 adesse
973 1745 1024 1790 et
1054 1742 1220 1790 abesse
1250 1758 1511 1803 personam
1540 1744 1902 1806 intellegamus.

217 1816 343 1864 nihil
383 1831 498 1879 ergo
538 1831 674 1864 secus
711 1817 898 1864 factum
938 1818 1012 1864 est
1051 1816 1110 1863 ab
1151 1817 1383 1877 antiquis,
1423 1818 1508 1878 qui
1548 1817 1610 1864 ad
1640 1817 1769 1865 hunc
1799 1833 1901 1865 mo-

218 1890 336 1937 dum
375 1891 695 1938 Terentianas
733 1890 926 1938 fabulas
963 1889 1253 1938 diuiserunt.

340 2035 362 2073 1
396 2029 540 2097 tercio
577 2032 686 2074 actu
718 2032 763 2075 A
805 2033 811 2087 Ι
851 2030 969 2075 haec
1007 2044 1090 2075 om.
1129 2030 1269 2074 TCV
1306 2032 1312 2086 Ι
1354 2029 1571 2088 Mysidis]
1610 2029 1779 2073 Missus
1813 2030 1858 2074 A
1893 2029 1898 2087 Ι

219 2100 453 2172 οὔεῦζθὺέθ
478 2118 517 2163 Ο
549 2120 564 2175 ΙΙ
604 2123 629 2161 3
655 2118 873 2176 glicerius
898 2120 943 2164 A
981 2121 988 2175 Ι
1031 2120 1270 2175 susceptus
1309 2118 1394 2163 ΤΟ
1427 2121 1433 2174 Ι
1475 2117 1796 2162 fraudulenter
1829 2117 1868 2162 Ο
1884 2118 1899 2175 Η

218 2212 247 2250 4
278 2189 551 2252 ch¹emeteA
588 2209 602 2264 ΙΙ
642 2212 667 2251 6
700 2209 856 2251 actum
889 2220 971 2251 om.
996 2209 1038 2252 T
1069 2209 1084 2265 ΙΙ
1125 2211 1147 2249 7
1182 2206 1274 2251 sibi
1305 2208 1371 2263 A,
1402 2220 1506 2251 sscr.
1548 2206 1630 2262 17²,
1663 2220 1746 2250 om.
1784 2206 1904 2265 ΤΟΗ

220 2271 246 2310 9
279 2280 390 2322 -que
421 2267 474 2311 in
503 2280 592 2313 ras.
627 2265 697 2310 V²
720 2267 819 2322 (om.
846 2266 979 2323 LD),
1012 2270 1103 2322 que
1129 2267 1174 2310 A
1201 2267 1207 2324 Ι
1234 2267 1423 2321 questus
1455 2267 1507 2310 in
1529 2279 1620 2310 ras.
1654 2265 1723 2308 V²
1747 2265 1901 2322 (dett),

219 2339 302 2370 om.
337 2326 481 2370 ATC
505 2327 511 2382 Ι
537 2326 638 2369 tum
672 2325 727 2380 Ο,
758 2326 811 2368 tu
843 2326 908 2381 A,
941 2327 994 2369 tfi
1031 2327 1090 2382 T,
1121 2339 1204 2370 om.
1238 2325 1282 2368 V
1307 2325 1446 2391 (dett.)
1478 2326 1494 2381 ΙΙ
1534 2328 1589 2367 10
1621 2323 1902 2368 chremetem

223 2384 283 2439 T,
322 2386 452 2440 (cre·)
494 2384 546 2439 V,
586 2383 839 2428 chreffitem
872 2385 910 2428 Ο
949 2386 965 2440 ΙΙ
1013 2389 1065 2428 11
1104 2384 1350 2428 chremat1s
1383 2385 1430 2429 A
1473 2385 1488 2440 n
1535 2387 1588 2426 12
1631 2384 1702 2426 est
1737 2384 1802 2439 (et
1837 2383 1903 2439 Τ)

221 2441 478 2500 disputatio
523 2443 565 2486 Τ
571 2442 664 2487 CV
701 2444 708 2499 Ι
750 2442 963 2500 deceptio
1010 2442 1098 2487 ΤΟ
1130 2442 1146 2501 ΙΙ
1186 2447 1240 2486 13
1275 2442 1376 2486 tum
1414 2441 1679 2499 indignatio
1718 2442 1771 2485 in
1809 2455 1899 2486 ras.

220 2502 267 2546 A
307 2504 314 2558 Ι
357 2501 579 2545 aduersus
615 2501 757 2545 TCV
789 2503 795 2557 Ι
837 2501 1066 2546 ohritonis
1099 2504 1166 2558 A,
1207 2500 1405 2546 certonis
1449 2501 1491 2544 T
1531 2503 1546 2558 ΙΙ
1594 2506 1648 2545 14
1688 2500 1901 2556 cognatis

220 2562 267 2604 A
307 2562 313 2616 Ι
356 2558 660 2615 tranquillam
702 2560 807 2616 ΤΟ,
848 2558 932 2604 -lla
972 2562 1018 2604 A
1060 2562 1065 2617 Ι
1107 2573 1180 2604 res
1228 2562 1334 2604 acta
1374 2560 1543 2616 δίοψις
1589 2559 1657 2603 rei
1697 2562 1801 2618 acte
1833 2561 1899 2616 A,

218 2632 269 2664 re
300 2621 409 2663 acta
447 2619 500 2674 V,
537 2632 635 2663 rem
674 2620 780 2663 acta
816 2618 902 2663 ΤΟ
908 2638 919 2675 ;
964 2618 1032 2662 rei
1073 2619 1195 2664 actio
1231 2619 1403 2665 Schoell
1445 2620 1461 2676 ΙΙ
1509 2623 1563 2662 15
1595 2617 1900 2662 educentibus

225 2677 315 2723 ΤΟ
356 2681 363 2735 Ι
413 2679 757 2734 concupuerant
803 2679 868 2734 A,
924 2677 1256 2735 concupierant
1300 2679 1344 2722 V
1383 2679 1399 2735 11
1445 2682 1500 2721 16
1540 2675 1756 2721 chateino
1804 2678 1849 2721 A
1886 2677 1902 2735 Η

1926 951 1971 982 10

1928 1319 1971 1351 15

1925 1688 1971 1719 20

221 2741 275 2780 17
315 2735 439 2780 mud
470 2762 527 2768 —
559 2740 615 2779 23
655 2735 915 2780 diuiserunt
945 2750 1028 2782 om.
1061 2737 1134 2794 V!
1161 2739 1276 2794 quot
1303 2750 1484 2781 morum
1520 2737 1562 2780 T
1592 2737 1608 2793 11
1648 2740 1702 2779 18
1737 2734 1902 2779 distin·
1997 2782 2002 2786 ‚

218 2795 347 2899 tioq'e
378 2795 449 2899 fil
483 2794 715 2839 uadentur
746 2797 790 2839 A
826 2796 832 2852 Ι
867 2794 1111 2840 distexisse
1145 2797 1188 2840 Τ
1221 2798 1236 2853 ΙΙ
1273 2799 1330 2840 20
1361 2794 1581 2839 uicinitas
1616 2795 1655 2840 Ο
1685 2796 1700 2852 ΙΙ
1744 2798 1798 2837 21
1831 2807 1904 2838 re-

220 2867 305 2912 cep
328 2869 346 2897 1
