2094 3140
687 163 921 207 ANDRIA
950 161 1119 206 PROL.
1155 167 1311 206 8-14,
1776 166 1846 216 45

169 307 198 338 a
230 289 572 352 superioribus.
633 288 683 335 et
714 289 788 335 est
818 285 1179 350 ἀνακόλουθον,
1211 304 1308 336 non
1341 290 1471 335 enim
1502 304 1649 350 supra
1681 292 1849 351 posuit

168 359 418 425 ‘quidem'.
534 362 563 408 3
606 375 706 408 NON
739 376 824 408 ITA
857 376 1100 408 mssnssm
1134 376 1260 409 sVN'r
1292 377 1371 409 AR.
1429 358 1539 410 ‘ita'
1571 379 1660 424 pro
1691 363 1848 410 ualde.

278 439 310 484 4
342 437 411 483 Et
441 437 602 482 caute:
635 436 799 496 potuit
823 436 953 482 enim
977 435 1074 482 dici
1099 431 1362 496 ‘quomodo
1392 452 1505 498 ergo
1532 437 1656 484 duae
1682 433 1850 484 suntP'

73 515 140 561 12
286 505 356 558 12
404 513 428 556 1
472 523 716 556 D1ss1Mm1
748 523 1004 556 ORATIONE
1042 504 1158 573 [ita]
1199 526 1259 557 ne
1291 510 1614 558 Menandrum
1654 511 1850 572 culpare

167 584 416 644 uideatur,
462 582 554 629 hoc
601 581 847 643 adiunxit,
892 583 1022 644 quod
1068 583 1228 631 laudis
1273 586 1359 631 est.
1514 587 1542 631 2
1593 599 1849 632 ORATIONE
1897 600 1917 631 5

207 696 252 706 ..
293 671 359 705 Ac
401 670 546 704 sT1L0
587 657 782 704 oratio
820 658 873 703 in
913 672 1057 704 sensu
1096 659 1184 718 est,
1224 658 1402 705 stilus
1441 659 1492 704 in
1531 659 1708 706 uerbis.
1844 656 1847 659 ’

84 790 86 793 Υ
169 734 200 780 3
242 730 448 779 Oratio
489 729 550 777 ad
587 746 664 778 res
702 730 934 791 refertur,
975 731 1154 779 stilus
1195 731 1257 778 ad
1295 731 1458 780 uerba.
1585 734 1616 779 4
1659 731 1850 780 Stilus

165 821 264 854 non
304 807 378 853 est
414 805 467 850 in
498 805 693 866 pectore
734 805 818 852 sed
857 805 908 851 in
940 805 1135 867 prolata
1175 806 1411 867 oratione,
1451 807 1646 854 oratio
1687 808 1852 853 autem

166 882 216 927 et
253 880 305 926 in
343 878 642 941 cogitatione
683 881 756 926 est
796 881 844 927 et
882 879 934 925 in
973 879 1184 941 prolatu.
1337 880 1366 927 5
1409 878 1752 928 Orationem
1798 881 1851 926 in

166 953 422 1002 sententiis
470 951 638 999 dicunt
685 968 808 1013 esse,
857 953 1063 1000 stilum
1108 954 1161 999 in
1207 953 1392 1014 uerbis,
1444 956 1852 1016 argumentum
1876 971 1919 1001 10

164 1027 218 1075 in
253 1027 412 1075 rebus.
482 1042 597 1090 ergo
638 1029 686 1074 et
723 1043 898 1088 poema
939 1028 1109 1074 oratio.

71 1104 136 1150 13
282 1093 356 1148 13
410 1101 436 1147 1
490 1114 623 1153 QVAE
672 1115 972 1149 CONVENERE
1019 1117 1070 1148 ns
1117 1116 1348 1148 ANDRIAM
1401 1104 1606 1164 apparet
1650 1117 1750 1150 non
1792 1102 1850 1149 de
1943 1102 1949 1129 ²

167 1174 410 1222 industria
460 1173 543 1222 sed
590 1189 705 1222 casu
752 1190 854 1223 esse
900 1175 1143 1222 translata
1190 1192 1268 1236 ea,
1324 1191 1447 1237 quae
1495 1192 1552 1223 ex
1598 1175 1851 1223 Perinthia

167 1249 219 1296 in
257 1247 497 1296 Andriam
535 1247 704 1295 eodem
743 1265 886 1296 sensu
932 1249 1183 1310 isdemque
1230 1250 1391 1297 uerbis
1437 1250 1709 1311 perscripta
1748 1250 1850 1296 fue·
1942 1266 1950 1286 ’ν

166 1325 293 1370 rant.
421 1324 450 1369 2
493 1336 627 1375 QVAE
668 1336 967 1370 CONVENERE
1006 1338 1058 1370 IN
1097 1338 1329 1370 ANDRIAM
1375 1341 1524 1370 unam
1571 1340 1707 1386 ergo,
1754 1339 1851 1370 non
1875 1340 1918 1372 15

167 1397 289 1444 duas
341 1395 612 1444 transtulit.
734 1397 764 1443 3
815 1411 949 1450 QVAE
996 1411 1296 1444 OONVENERE
1342 1413 1394 1444 m
1440 1412 1673 1444 ANDRIAM
1726 1412 1850 1458 quae

170 1473 287 1532 apta
328 1472 378 1517 et
413 1469 664 1517 commoda
703 1471 914 1518 fuerunt.
1029 1472 1060 1517 4
1101 1486 1153 1517 IN
1192 1486 1424 1518 ANDRIAM
1463 1471 1714 1531 Latinam,
1753 1487 1851 1518 non

169 1543 418 1592 Graecam.

72 1623 137 1668 14
284 1610 359 1665 14
398 1632 633 1664 FATETVR
674 1631 1048 1666 TRANs'rvmssE
1096 1618 1180 1666 sed
1227 1635 1376 1680 quare
1424 1634 1539 1682 ergo
1588 1634 1637 1666 se
1682 1619 1852 1667 onerat

172 1692 452 1752 Terentius,
499 1706 608 1738 cum
645 1692 803 1752 possit
839 1691 999 1740 uideri
1037 1691 1096 1740 de
1136 1709 1234 1739 una
1273 1691 1618 1740 transtulisse?
1669 1692 1738 1740 sic
1776 1707 1851 1740 so·
1875 1710 1919 1741 20

172 1766 347 1813 luitur:
397 1765 511 1826 quia
551 1765 770 1813 conscius
810 1766 904 1814 sibi
943 1768 1018 1814 est
1061 1767 1274 1828 primam
1314 1782 1539 1815 scaenam
1585 1766 1644 1813 de
1683 1766 1851 1813 Perin-

170 1840 278 1887 thia
318 1855 419 1887 esse
465 1839 779 1901 translatam,
821 1839 911 1886 -ubi
958 1855 1103 1888 senex
1147 1841 1221 1888 ita
1269 1855 1378 1887 cum
1423 1856 1572 1888 uxore
1618 1841 1853 1901 loquitur,

172 1916 229 1960 ut
269 1912 398 1974 apud
438 1913 721 1960 Terentium
766 1929 877 1961 cum
918 1913 1109 1962 liberto.
1181 1917 1233 1962 at
1277 1915 1329 1962 in
1368 1915 1558 1961 Andria
1595 1914 1855 1962 Menandri

171 1987 302 2036 solus
342 1988 415 2034 est
453 2002 610 2035 senex.

292 2147 315 2185 1
352 2141 838 2187 ·ΔΝΑΚΟΛΟΥΘΟΝ-
873 2144 939 2199 A,
980 2143 1248 2188 anacoliton
1286 2144 1417 2189 schol.
1452 2144 1627 2200 Paris„
1667 2156 1787 2188 *ιιι*
1816 2144 1858 2187 Τ

175 2201 298 2259 GV!
326 2200 468 2258 enim]
502 2202 660 2245 autem
689 2201 862 2259 TGVn
893 2207 918 2245 2
951 2217 1020 2247 AB.
1053 2203 1145 2247 W.:
1179 2202 1390 2247 oratione
1421 2203 1547 2247 codd.
1580 2205 1595 2259 ΙΙ
1634 2207 1660 2245 3
1691 2201 1854 2246 Posuit

172 2262 240 2316 A3
273 2262 409 2304 caute
439 2259 617 2316 posuit:
648 2260 804 2317 potuit
832 2260 956 2304 enim
979 2267 1055 2306 etc.
1081 2263 1274 2319 Bentley
1301 2264 1307 2313 Ι
1334 2261 1459 2306 enim
1489 2276 1592 2306 δεον.
1621 2261 1660 2306 0
1682 2262 1687 2318 Ι
1714 2261 1853 2305 modo

173 2333 256 2364 om.
288 2321 330 2364 T
362 2321 378 2376 Η
415 2324 444 2362 4
474 2318 654 2364 ratione
681 2321 718 2364 Ο
742 2323 747 2378 Ι
774 2319 844 2364 ita
873 2321 971 2364 secl.
998 2321 1198 2366 Rabbow
1236 2324 1250 2378 ΙΙ
1290 2326 1315 2364 6
1348 2320 1489 2365 actilo
1518 2323 1563 2366 A
1590 2323 1595 2377 Ι
1624 2319 1758 2364 stilus
1790 2321 1852 2378 1.]

177 2378 319 2423 Stilos
353 2380 399 2423 A
421 2381 436 2436 ΙΙ
468 2381 494 2420 8
526 2376 576 2421 in
605 2380 791 2435 pectore
823 2379 1036 2437 Bentley:
1068 2379 1119 2423 in
1148 2383 1356 2438 tempore
1387 2380 1513 2425 codd.
1542 2382 1548 2436 Ι
1576 2380 1623 2422 in
1655 2379 1854 2436 probata

175 2438 386 2482 oratione
411 2439 477 2492 A,
515 2435 564 2481 in
601 2437 878 2494 probatione
914 2438 1016 2494 TC,
1057 2441 1126 2496 (in
1156 2454 1241 2498 my.
1278 2455 1333 2484 m.
1366 2443 1398 2484 2
1431 2438 1508 2483 uel
1538 2438 1722 2496 prolata
1753 2452 1855 2482 ora-

173 2495 319 2554 tione)
355 2497 397 2541 V
419 2498 426 2554 Ι
454 2495 714 2556 <ξ>αιιὺθῑη
740 2498 810 2554 ΟΙΙ
834 2501 859 2540 9
892 2500 940 2542 et
962 2499 1197 2591 1.]1e{uA‚
1230 2513 1312 2543 om.
1345 2499 1412 2557 ΤΙ
1442 2500 1489 2542 et
1518 2502 1561 2543 2.
1595 2513 1678 2543 om.
1710 2499 1778 2555 ΤΙ
1805 2497 1855 2540 in

1063 2568 1086 2591 a

173 2600 375 2656 probatu
415 2602 503 2657 (-ta
544 2601 605 2657 Τ)
648 2601 752 2657 ΤΟ,
800 2600 850 2644 in
887 2601 1162 2657 probatione
1200 2604 1330 2659 (corr.
1363 2616 1420 2646 m.
1451 2603 1500 2656 2)
1539 2601 1584 2645 V
1612 2603 1618 2657 Ι
1651 2600 1703 2645 in
1733 2615 1854 2644 sum-

173 2656 261 2702 mis
290 2660 333 2703 T
357 2661 372 2717 ΙΙ
405 2665 460 2704 10
492 2659 667 2704 dictam
695 2659 796 2714 TO,
828 2661 896 2716 (in
927 2659 1089 2704 dicunt
1119 2675 1230 2706 corr.
1257 2676 1313 2704 m.
1338 2663 1386 2718 2)
1418 2661 1494 2718 Vn
1527 2665 1580 2703 11
1615 2662 1733 2704 et—
1751 2674 1853 2704 ora-

173 2714 260 2776 tio]
291 2716 342 2762 in
371 2721 586 2775 poemate
613 2718 763 2763 oratio
794 2720 867 2763 est
897 2719 999 2764 dett.
1031 2725 1072 2764 et
1103 2721 1201 2765 edd.
1250 2721 1266 2777 ΙΙ
1314 2724 1367 2763 12
1399 2735 1445 2763 m
1474 2719 1691 2777 Annium]
1722 2733 1853 2762 man-

177 2773 326 2820 <iriam
357 2777 403 2822 A
446 2779 463 2835 ΙΙ
507 2782 563 2821 13
594 2778 826 2822 translata
864 2777 898 2835 (l
929 2792 984 2823 ex
1015 2779 1046 2822 d
1076 2781 1208 2836 corr.)
1235 2779 1274 2823 Ο
1306 2781 1322 2836 ΙΙ
1363 2783 1418 2823 14
1448 2777 1500 2821 in
1529 2777 1775 2836 Andriam]
1806 2778 1854 2820 et

176 2833 354 2878 Andria.
401 2836 438 2880 Ο
472 2838 479 2892 Ι
518 2836 792 2892 hisdemque
831 2838 877 2882 A
919 2838 924 2894 Ι
966 2837 1151 2882 fuerant
1188 2839 1234 2883 A
1278 2839 1293 2895 ΙΙ
1341 2842 1395 2882 16
1437 2852 1552 2888 QVAE
1577 2864 1632 2870 —
1657 2851 1854 2881 Anum

178 2904 267 2971 cm,-
292 2892 376 2938 TO
388 2894 484 2996 Van
519 2899 572 2939 19
606 2895 687 2939 sed
711 2922 766 2928 -—
793 2900 849 2940 20
881 2896 1176 2941 transtulisse
1213 2898 1266 2941 in
1303 2911 1388 2955 my.
1429 2895 1498 2940 V²
1540 2899 1546 2953 Ι
1589 2896 1690 2954 sed]
1723 2895 1854 2939 deest

199 2962 247 2994 se
299 2950 435 2998 Schoe
1498 2964 1504 2969 ·
