2094 3140
76 233 152 267 ed.
170 241 248 273 pr.

269 105 460 149 XXXIV
921 103 1271 148 PRAEFATIO.

389 226 430 279 1)
462 221 655 265 Editio
688 221 950 278 princeps
984 235 1039 265 ex
1071 222 1232 265 eadem
1265 221 1451 266 officina
1481 222 1667 278 prodiit,
1701 222 1773 265 cui
1803 222 1942 267 Italia

267 282 466 339 primum
495 281 666 324 librum
690 281 813 336 typis
840 280 1133 336 descriptum,
1169 280 1374 324 eiusdem
1399 280 1576 325 scilicet
1600 281 1772 326 Donati
1796 283 1942 325 artem

269 341 633 399 grammaticam,
661 340 820 383 debet:
846 354 954 382 nam
979 341 1101 382 foras
1127 353 1229 382 eam
1254 340 1480 383 dederunt
1505 340 1739 383 Conradus
1759 340 1941 396 Sweyn-

268 400 403 455 heym
454 401 499 443 et
545 398 774 442 Arnoldus
822 398 1050 441 Pannartz
1091 399 1263 441 Romae
1312 412 1350 441 a
1388 404 1513 442 1472
1592 399 1704 443 Cum
1750 399 1837 442 hac
1886 399 1942 442 de

268 446 532 515 principatu
580 456 817 501 contendit
866 457 1008 500 editio
1047 457 1227 500 Veneta
1258 457 1496 500 Vindelini
1537 458 1762 514 Spirensis
1805 471 1944 514 quam

268 517 533 583 procuravit
579 516 787 572 Raphael
831 516 1101 559 Zovenzoni.
1167 515 1292 568 Quae
1339 531 1428 571 quo
1476 530 1595 560 anno
1637 518 1762 583 facta
1803 519 1943 572 atque

271 576 437 620 emissa
478 575 537 618 sit
577 575 663 618 etsi
700 589 883 631 prorsus
915 574 1202 632 ignoramuS,
1245 577 1402 618 tamen
1435 575 1639 618 omnium
1670 575 1749 632 qui
1779 576 1945 619 harum

270 650 421 678 rerum
445 634 583 691 periti
610 637 716 676 sunt
742 647 964 676 consensu
990 634 1050 677 ad
1074 634 1331 677 Romanam
1357 648 1496 689 quam
1518 635 1724 690 proxime
1749 634 1943 687 accedit,

271 694 361 737 nisi
400 694 517 737 forte
559 696 611 736 ut
650 692 860 735 bonitate
898 692 964 735 ita
998 692 1140 736 etiam
1172 695 1326 736 aetate
1359 706 1460 736 eam
1493 696 1691 749 superat.
1753 694 1823 736 Ab
1856 694 1944 737 hac

270 753 448 796 Veneta
488 755 635 795 totam
673 752 873 807 pendere
914 751 1165 795 editionem
1204 766 1500 809 anonymam,
1543 765 1661 807 quae
1693 752 1944 796 Mentelino

271 811 570 868 Argoratensi
610 810 839 866 assignari
871 810 1009 865 solet,
1048 810 1120 853 vel
1151 810 1243 867 ipsi
1272 824 1426 854 versus
1460 811 1811 867 subscriptionis
1843 811 1945 855 1000

272 870 422 914 additi
452 871 654 926 produnt
686 869 758 926 (cf.
789 869 942 912 ‘Studi
966 869 1167 913 italiani’
1196 870 1237 912 ΙΙ
1263 874 1425 925 76611).
1474 870 1683 914 Romana
1715 871 1870 913 autem
1900 873 1946 913 et

271 930 449 972 Veneta
482 932 534 971 ut
565 928 685 971 inter
717 942 763 971 se
797 942 936 983 quam
967 928 1167 971 maxime
1201 928 1516 985 consentiunt,
1551 928 1620 972 ita
1651 943 1799 985 neque
1830 929 1946 972 haec

273 1002 327 1031 ex
375 988 458 1031 illa
495 1001 645 1042 neque
685 987 767 1030 illa
806 1001 861 1030 ex
898 987 986 1030 hac
1024 987 1273 1042 fluxerunt,
1322 988 1402 1032 sed
1442 989 1502 1031 ad
1542 989 1739 1031 eundem
1775 987 1947 1031 librum

271 1046 635 1103 manuscriptum
672 1046 887 1101 redeunt,
930 1046 991 1089 ad
1030 1060 1166 1102 quem
1198 1046 1377 1090 codices
1412 1048 1436 1089 b
1469 1049 1515 1090 et
1546 1048 1605 1090 E.
1669 1046 1821 1091 Codex
1851 1046 1945 1101 ille,

273 1120 328 1149 ex
374 1120 463 1161 quo
511 1105 745 1148 derivatae
793 1107 919 1159 sunt,
969 1105 1028 1148 ad
1076 1105 1354 1149 deteriorum
1401 1106 1624 1150 librorum
1661 1120 1807 1162 genus
1845 1119 1948 1162 per-

271 1165 455 1208 tinebat
502 1167 547 1208 et
589 1163 638 1206 in
677 1165 884 1220 Hecyrae
924 1166 1181 1208 commento
1221 1178 1392 1220 magna
1431 1164 1514 1208 illa
1551 1165 1720 1208 lacuna
1758 1165 1838 1222 (III
1862 1169 1946 1219 5‚8

274 1224 371 1266 —V
398 1229 436 1278 1,
456 1225 498 1279 2)
524 1223 791 1277 laborabat3
819 1223 877 1266 ad
902 1223 1083 1266 Phorm.
1102 1223 1143 1266 II
1161 1228 1185 1266 3
1212 1223 1388 1267 scholia
1413 1225 1573 1268 eodem
1596 1224 1733 1268 modo
1757 1223 1947 1268 confusa

274 1285 406 1326 erant
443 1284 583 1338 atque
622 1281 671 1325 in
706 1281 895 1337 reliquis
929 1281 1135 1326 eiusdem
1167 1282 1452 1326 condicionis
1485 1282 1631 1326 libris.
1693 1283 1759 1327 Eo
1793 1285 1949 1326 autem

274 1341 501 1385 editiones
549 1355 576 1385 a
620 1340 954 1384 recentioribus
1000 1340 1131 1384 libris
1178 1341 1504 1398 manuscriptis
1545 1342 1782 1398 differunt,
1825 1342 1948 1397 quod

275 1400 388 1444 satis
434 1400 604 1444 multas
652 1413 782 1444 voces
824 1400 1022 1443 Graecas
1063 1400 1321 1456 continent,
1371 1415 1485 1456 quas
1532 1403 1690 1444 tamen
1731 1415 1949 1458 magnam

273 1462 454 1516 partem
495 1458 818 1516 interpolatori
858 1459 1014 1502 deberi
1053 1459 1288 1503 luculente
1328 1459 1662 1503 demonstravit
1694 1459 1949 1503 Sabbadini

275 1518 448 1575 (studi
479 1518 820 1574 1ta13111333).
872 1517 1004 1570 Quod
1035 1532 1138 1561 cum
1171 1518 1312 1562 etiam
1344 1519 1400 1562 de
1424 1518 1584 1562 multis
1609 1518 1715 1562 aliis
1739 1518 1950 1585 lectioni-

274 1578 360 1621 bus
384 1578 548 1620 harum
573 1576 829 1620 editionum
851 1576 1048 1634 propriis
1073 1577 1260 1634 valeret,
1284 1577 1540 1621 rectissime
1558 1577 1821 1622 Dziatzko‘
1805 1577 1950 1645 ’prin-

276 1636 368 1693 cipi
408 1635 603 1679 editioni
640 1650 733 1679 non
771 1636 875 1692 plus
917 1635 1021 1680 fidei
1064 1635 1222 1679 deberi
1261 1651 1401 1691 quam
1433 1636 1635 1693 cuipiam
1665 1636 1951 1680 noviciorum

276 1695 441 1739 codici’
470 1695 636 1738 statuit
659 1694 784 1751 (edit.
811 1695 1007 1751 Terent„
1039 1694 1223 1751 Lipsiae
1250 1699 1363 1738 1884
1394 1696 1539 1752 praef
1571 1711 1614 1752 p
1639 1695 1681 1738 X
1706 1696 1862 1741 adnot
1892 1696 1948 1752 6).

59 1763 136 1799 ea.
160 1762 350 1798 Mediol.
397 1757 439 1811 2)
472 1753 667 1798 Editio
698 1753 1147 1797 Mediolanensis
1179 1754 1371 1797 Antonii
1403 1754 1558 1798 Zaroti
1590 1769 1630 1798 a.
1650 1759 1777 1798 1476.
1823 1754 1950 1799 Haec

86 2182 250 2225 valph.

278 1827 380 1856 cum
414 1813 517 1856 aliis
550 1813 686 1856 rebus
717 1815 819 1856 tum
850 1827 902 1856 eo
932 1827 962 1857 a
990 1813 1197 1869 principe
1223 1812 1392 1868 differt,
1424 1813 1548 1868 quod
1571 1813 1720 1870 prima
1742 1813 1951 1869 Hecyrae

279 1874 586 1916 commentum
616 1871 849 1928 integrum
882 1871 1089 1917 exhibet:
1121 1872 1244 1916 unde
1277 1873 1485 1927 sequitur
1509 1886 1612 1916 eam
1636 1872 1696 1915 ad
1721 1872 1951 1919 diversum

278 1931 453 1975 fontem
482 1930 644 1975 redire
701 1931 958 1975 Sabbadini
990 1932 1022 1988 (‘
1029 1930 1163 1975 Studi
1190 1931 1474 1988 1111311130)
1508 1945 1778 1975 consensum
1809 1945 1950 1986 quen-

280 1990 387 2034 dam
425 1985 545 2033 inter
576 1989 970 2034 Mediolanensem
1009 1992 1056 2034 61
1086 1989 1294 2034 codicem
1324 1989 1604 2034 Vaticanum
1640 1990 1681 2035 G
1711 1989 1949 2045 indicavit,

281 2049 361 2093 sed
391 2048 523 2092 illam
556 2063 611 2093 ex
640 2049 727 2092 hoc
758 2049 1014 2093 derivatam
1044 2062 1142 2092 esse
1173 2049 1273 2106 ipse
1298 2049 1511 2106 negavit3
1545 2049 1770 2093 editorem
1794 2048 1951 2092 0011106

279 2107 585 2151 Ambrosiano
619 2123 645 2164 q
674 2123 808 2151 usum
837 2122 937 2152 esse
959 2108 1156 2152 fortasse
1179 2110 1304 2151 recte
1329 2108 1556 2152 Wissowa
1582 2107 1842 2164 suspicatus
1867 2110 1950 2151 est.

399 2170 440 2224 3)
474 2166 666 2210 Editio
694 2168 908 2211 Veneta
941 2181 980 2210 a.
1002 2172 1112 2211 1476
1139 2169 1186 2211 et
1209 2166 1545 2211 Tarvisiana
1571 2181 1609 2212 a.
1631 2171 1741 2210 1477
1767 2166 1951 2211 loannis

280 2225 617 2283 Calphurnii
662 2225 912 2270 Brixiensis
953 2228 1008 2283 (v.
1050 2225 1273 2281 Loeffler,
1319 2226 1386 2270 De
1427 2225 1707 2283 Calphurnio
1747 2225 1952 2270 Terentii

280 2285 545 2341 interprete,
571 2284 688 2329 Diss.
707 2285 896 2342 Argent.
919 2286 1061 2341 1882).
1109 2285 1236 2329 Haec
1261 2285 1404 2329 editio
1428 2285 1478 2328 in
1501 2285 1764 2328 universum
1786 2284 1952 2328 nititur

282 2343 485 2387 editione
523 2343 752 2400 principe,
797 2343 926 2387 cuius
965 2344 1180 2388 lacunam
1217 2343 1267 2387 in
1305 2344 1513 2400 Hecyrae
1553 2345 1810 2388 commento
1849 2342 1951 2387 Cal-

280 2401 504 2459 phurnius
537 2402 737 2458 explevit
768 2402 980 2446 adhibito
1012 2403 1214 2458 quodam
1239 2402 1360 2447 libro
1384 2402 1712 2460 manuscripto,
1744 2401 1825 2458 qui
1849 2416 1952 2446 cum

283 2460 518 2504 codicibus
542 2462 630 2505 tM
648 2460 876 2505 artissime
901 2461 1119 2505 cohaeret
1143 2465 1197 2519 (v.
1219 2460 1372 2505 ‘Studi
1388 2461 1487 2506 ital.
1494 2461 1506 2482 ’
1525 2462 1669 2518 1182).
1706 2461 1951 2505 Praeterea

284 2519 491 2564 ordinem
516 2519 854 2564 comoediarum
879 2519 1029 2564 editor
1050 2519 1260 2575 mutavit,
1286 2522 1339 2564 ut
1361 2520 1426 2563 sic
1449 2521 1740 2586 procederet:
1774 2519 1953 2563 Andria

282 2578 530 2622 Eunuchus
561 2578 874 2622 Heautontim
908 2578 1147 2636 Adelphoe
1177 2578 1392 2623 Phormio
1423 2579 1626 2636 Hecyra,
1659 2577 1779 2622 sicut
1809 2577 1952 2622 etiam

284 2637 333 2680 in
354 2635 540 2680 Terenti
564 2636 780 2693 editione,
806 2651 1004 2693 quacum
1019 2636 1193 2681 Donati
1217 2639 1525 2682 commentum
1549 2637 1844 2681 coniunctum
1868 2639 1949 2682 est.

284 2695 358 2739 Ad
384 2695 940 2741 Heautontimorumenon
971 2710 1075 2740 cum
1097 2695 1269 2740 Donati
1299 2695 1704 2752 interpretationes
1735 2695 1831 2739 iam
1859 2709 1953 2739 non

285 2756 538 2810 exstarent,
582 2753 888 2811 Calphurnius
934 2754 1033 2811 ipse
1072 2753 1452 2799 commentarium
1490 2754 1768 2811 composuit,
1815 2768 1952 2810 quem

286 2812 535 2858 maximam
564 2817 745 2870 partem
775 2827 831 2857 ex
859 2812 1051 2869 reliquis
1074 2813 1246 2857 Donati
1278 2813 1548 2858 commentis
1573 2813 1860 2871 compilavit3
1894 2813 1950 2857 cf.

285 2871 487 2916 Loeffler
529 2872 559 2917 1.
600 2886 636 2916 0.
677 2877 732 2916 47
749 2887 845 2929 sqq.
921 2872 1085 2928 Itaque
1131 2871 1325 2916 editioni
1373 2871 1684 2930 subscriptum
1731 2874 1800 2916 est
1830 2873 1951 2925 ,110οε
