2072 3146
211 126 401 169 XXVIII
874 125 1225 170 PRAEFATIO.

213 254 339 299 sicut
362 253 414 298 in
439 251 576 299 libris
601 252 921 314 Maguntinae
946 252 1215 313 prosapiae.
1261 251 1389 298 Hinc
1415 252 1623 299 efficitur
1648 252 1893 300 exstitisse

210 328 310 373 iam
339 328 446 372 tum
480 341 589 372 cum
608 326 646 373 Ο
672 326 1024 372 describeretur
1046 327 1375 372 recensionem
1406 327 1542 373 illam
1577 327 1711 373 cuius
1741 329 1893 374 testes

210 402 325 446 sunt
349 399 665 447 codicechcl
673 399 737 458 N,
760 402 1049 459 tantamque
1073 399 1223 446 fuisse
1247 399 1347 447 illis
1364 400 1663 461 temporibus
1683 401 1891 447 auctori-

210 476 365 521 tatem
406 474 531 534 eius,
572 475 627 519 ut
665 474 928 534 pristinam
965 475 1129 520 textus
1170 473 1379 520 formam
1416 475 1658 534 paulatim
1699 475 1889 522 submo-

211 549 349 595 verit.
414 546 553 602 Quod
589 547 934 607 comprobatur
966 547 1185 608 exemplo
1220 546 1397 594 codicis
1429 548 1493 594 D.
1554 547 1648 594 Hic
1682 563 1889 609 quoque,

211 637 320 668 cum
358 622 410 667 in
451 622 553 667 eius
595 620 859 681 archetypo
900 623 949 667 et
978 620 1200 681 Hecyrae
1241 623 1568 668 commentum
1602 622 1890 669 lacunosum

217 722 277 727 -—
324 711 472 755 quam
517 695 745 741 lacunam
793 694 1014 741 adhibito
1063 693 1225 742 codice
1275 694 1487 755 quodam
1533 696 1692 756 qualis
1733 699 1807 743 est
1844 697 1897 742 F

211 770 455 831 expletam
495 783 597 815 esse
636 767 780 814 facile
822 771 1028 830 apparet
1053 794 1121 800 —
1155 771 1204 816 et
1243 769 1429 816 scholia
1468 768 1530 816 ad
1565 768 1756 816 Phorm.
1782 769 1832 816 II
1858 771 1888 817 3

209 843 426 890 nondum
465 843 515 888 in
549 859 699 888 unum
732 843 933 890 confusa
965 842 1162 903 fuerint,
1204 842 1264 888 ad
1298 842 1503 890 eundem
1534 843 1720 890 fontem
1751 859 1890 890 revo-

212 917 395 964 candus
436 918 523 976 est,
563 931 619 963 ex
660 932 754 976 quo
798 915 976 963 Oamoz
1014 915 1270 963 fluxerunt.
1333 916 1470 964 Idem
1499 916 1551 963 D
1593 932 1893 978 quamquam

208 992 259 1037 in
300 993 581 1038 universum
622 1005 732 1036 cum
769 990 907 1037 libris
938 989 1128 1037 Lch
1152 991 1257 1038 sim.
1298 991 1557 1050 consentit,
1595 993 1761 1038 tamen
1792 1007 1891 1038 non

208 1067 281 1112 ita
318 1080 431 1111 raro
473 1064 531 1110 ab
571 1063 727 1111 isdem
765 1063 993 1111 dissentit
1032 1066 1080 1110 et
1121 1064 1180 1110 ad
1221 1064 1442 1111 codicum
1475 1065 1520 1111 Τ
1530 1063 1680 1112 OFR
1709 1080 1893 1112 memo-

208 1140 334 1185 riam
373 1153 421 1185 se
462 1137 681 1199 applicat
714 1131 796 1202 (cf.
830 1139 979 1184 etiam
1011 1137 1070 1184 ad
1102 1137 1294 1185 Phorm.
1321 1138 1366 1184 V
1393 1140 1440 1199 8,
1460 1132 1565 1204 53).
1622 1138 1759 1186 Idem
1790 1139 1891 1186 fere

209 1213 342 1260 valet
382 1212 439 1258 de
474 1212 719 1259 communi
749 1212 884 1259 fonte
918 1211 1139 1259 codicum
1172 1212 1260 1259 bE
1289 1215 1339 1259 et
1371 1212 1599 1260 editionis
1630 1213 1889 1274 principis,

207 1287 259 1333 in
301 1285 476 1347 quibus
516 1285 738 1347 Hecyrae
778 1286 954 1333 lacuna
994 1285 1151 1333 adhuc
1192 1287 1350 1333 exstat
1389 1279 1465 1352 (E
1499 1286 1578 1334 hic
1618 1280 1798 1351 deest),
1838 1287 1891 1334 in

207 1360 516 1407 Phormionis
556 1375 671 1407 vero
712 1361 985 1407 commento
1027 1359 1089 1407 ad
1120 1360 1170 1406 Π
1203 1361 1232 1407 3
1269 1360 1387 1407 ordo
1419 1360 1714 1408 scholiorum
1747 1377 1890 1421 quem

209 1433 440 1481 exhibent
477 1433 665 1481 LedN
695 1435 795 1480 iam
833 1435 1058 1496 receptus
1100 1436 1184 1481 est.

319 1506 458 1563 Quod
513 1507 575 1554 ad
629 1507 817 1555 codices
863 1509 1117 1555 xrazffll
1167 1509 1368 1568 attinet,
1422 1508 1671 1555 simillime
1715 1523 1792 1555 res
1840 1522 1891 1555 se

206 1581 377 1642 habet,
432 1582 483 1628 111
539 1582 649 1628 aliis
705 1583 834 1628 enim
889 1574 1023 1647 (ocra)
1071 1581 1293 1643 Hecyrae
1343 1582 1522 1630 lacuna
1568 1583 1717 1630 etiam
1763 1597 1892 1630 nuno

209 1657 540 1719 cognoscitur,
594 1655 645 1701 in
701 1655 809 1702 aliis
865 1648 1039 1721 (th)
1093 1656 1278 1716 partim
1330 1656 1383 1702 in
1435 1657 1556 1717 ipsis
1610 1656 1794 1718 partim
1838 1656 1890 1702 in

207 1729 427 1791 proximo
474 1730 610 1776 fonte
657 1730 850 1790 expleta
898 1731 971 1777 est
1010 1731 1158 1790 atque
1199 1730 1391 1791 expleta
1432 1729 1630 1790 quidem
1667 1746 1724 1777 ex
1762 1729 1891 1776 libro

211 1803 427 1851 eiusdem
479 1803 798 1863 recensionis,
853 1805 987 1850 cuius
1035 1805 1150 1851 sunt
1194 1803 1386 1851 LedN.
1463 1803 1639 1865 Itaque
1685 1802 1890 1850 dubium

208 1893 310 1925 esse
341 1893 439 1925 non
470 1879 647 1939 potest,
688 1879 807 1938 quin
837 1877 890 1924 hi
922 1893 1088 1925 omnes
1121 1877 1184 1924 ad
1214 1876 1525 1926 Carnotensis
1551 1877 1890 1940 apographum

205 1951 431 2012 redeant,
448 1951 576 1998 unde
591 1952 864 1999 necessario
882 1952 1104 2012 sequitur
1115 1952 1300 1999 scholia
1314 1951 1376 1998 ad
1385 1950 1577 1999 Phorm.
1588 1950 1639 1998 H
1652 1954 1676 1998 1
1686 1989 1697 2010 ,
1707 1952 1848 1998 4-1
1858 1952 1888 1998 9

206 2025 258 2071 in
289 2025 534 2072 communi
567 2025 832 2088 archetypo
864 2041 922 2072 ex
952 2025 1042 2072 illa
1071 2025 1350 2074 recensione
1376 2027 1512 2073 cuius
1538 2026 1731 2086 saepius
1755 2041 1887 2072 men-

205 2100 391 2146 tionem
407 2099 610 2146 fecimus
628 2114 730 2147 esse
746 2099 989 2146 restituta.
1022 2099 1188 2161 Atque
1205 2099 1296 2148 hoc
1312 2101 1365 2146 ni
1380 2099 1529 2147 fallor
1544 2098 1892 2160 comprobatur

208 2188 280 2233 eo,
313 2172 444 2234 quod
476 2175 524 2220 et
554 2174 607 2220 in
637 2173 826 2220 12ch
850 2173 900 2220 et
928 2172 981 2219 in
1013 2174 1100 2220 Db
1132 2175 1201 2221 ecl.
1220 2188 1300 2233 pr.
1333 2174 1557 2222 967³th
1584 2172 1892 2220 desideratur

209 2246 429 2294 scholion
461 2246 524 2294 ad
554 2246 748 2294 Phorm.
772 2247 823 2294 H
851 2249 896 2308 1,
925 2249 971 2308 7,
1003 2247 1133 2308 quod
1164 2247 1215 2294 in
1248 2247 1412 2295 codice
1445 2247 1658 2308 quodam
1687 2247 1891 2308 propter

208 2317 567 2382 ὅμοιοτέλευτον
606 2313 852 2386 (²0ausam
883 2315 1115 2388 traderc')
1147 2321 1342 2369 videtur
1370 2320 1690 2368 intercidisse.
1753 2319 1887 2376 Quae

208 2410 318 2441 cum
355 2394 428 2440 ita
467 2395 585 2454 sint,
624 2394 758 2441 haud
797 2395 896 2442 scio
937 2411 1000 2441 an
1037 2396 1204 2442 nostro
1242 2396 1346 2442 iure
1386 2409 1634 2442 sumamus
1672 2395 1724 2440 111
1761 2393 1890 2440 hanc

208 2482 399 2528 quoque
435 2466 746 2516 Carnotensis
786 2469 988 2530 stirpem
1027 2468 1253 2516 similiter
1291 2470 1440 2529 atque
1478 2468 1531 2514 in
1564 2467 1743 2516 Oamn
1777 2482 1886 2530 gra-

208 2541 364 2588 datim
402 2541 597 2588 illatam
635 2557 737 2589 esse
777 2541 1067 2590 deteriorem
1104 2542 1446 2590 recensionem.
1518 2539 1666 2589 Cuius
1704 2541 1776 2588 rei
1812 2542 1887 2587 in-

206 2615 351 2662 itium
409 2614 616 2662 fortasse
677 2615 864 2662 factum
917 2617 992 2663 est
1042 2618 1096 2662 111
1147 2616 1238 2662 illa
1289 2615 1686 2676 transcriptione,
1749 2615 1889 2662 cuius

182 2686 422 2750 ‘Aurispa
459 2688 490 2734 1.
517 2703 552 2735 5.
578 2704 615 2736 c.
656 2690 891 2736 meminit.
924 2715 997 2722 ——-
1031 2689 1138 2736 Iam
1179 2689 1240 2736 ad
1280 2689 1616 2750 quaestionem
1654 2687 1889 2735 difficilli-

206 2777 339 2809 mam
383 2763 715 2824 pervenimus,
760 2762 889 2810 unde
935 2762 1143 2811 oriunda
1188 2763 1254 2811 sit
1297 2763 1514 2810 recensio
1558 2762 1648 2809 illa
1690 2762 1889 2823 saepius

207 2837 598 2884 commemorata.
663 2835 770 2892 Qua
807 2837 859 2883 in
896 2851 948 2883 re
985 2836 1200 2898 primum
1239 2836 1555 2884 statuendum
1594 2836 1668 2883 est
1701 2835 1886 2883 factam

207 2924 310 2958 esse
365 2924 473 2957 eam
527 2910 640 2957 ante
694 2925 735 2956 a.
774 2911 932 2971 1451,
986 2925 1104 2971 quo.
1136 2925 1263 2958 anno
1309 2909 1523 2972 Aur-ispa
1571 2907 1887 2957 carnotensis
