2072 3146
811 136 1165 181 PRAEFATIO.
1698 137 1824 180 XXV

151 264 428 312 Eunuchus.
506 262 611 318 Qua
658 264 708 309 in
754 279 806 310 re
853 266 964 310 uter
1009 263 1275 325 genuinum
1322 262 1548 309 exhibeat
1595 262 1831 321 ordinem,

153 338 351 386 difficile
421 339 494 384 est
556 336 616 383 ad
677 336 1066 398 diiudicandum,
1135 339 1472 384 verumtamen
1542 337 1598 382 ut
1660 340 1830 382 contra

151 411 592 474 Umpfenbachium
618 403 793 475 (praef.
811 403 920 475 XL)
947 413 997 458 et
1019 410 1232 458 Leonem
1258 403 1404 475 (Mus.
1430 410 1582 456 Rhen.
1603 404 1829 474 38,324)

151 488 203 532 in
250 485 412 532 codicc
458 485 507 531 B
554 485 823 532 communis
871 484 1124 546 archetypi
1172 483 1393 531 ordinem
1438 499 1541 531 esse
1581 486 1830 531 servatum

150 562 389 621 putarem,
415 574 524 605 cum
541 573 801 605 consensus
816 559 1120 620 reliquorum
1134 558 1371 605 librorum
1387 559 1497 604 tum
1513 557 1639 604 illud
1657 557 1832 615 effecit,

151 633 281 694 quod
305 632 523 679 Rabbow
548 625 616 697 (p.
638 625 768 698 331)
802 636 975 695 argute
1008 633 1290 680 observavit
1321 648 1431 678 eum
1465 633 1549 692 qui
1582 634 1694 678 ante
1727 646 1829 678 sae·

151 708 313 754 culum
361 722 545 753 nonum
591 706 749 753 vitam
787 706 986 754 Terenti
1024 705 1402 753 Ambrosianam
1449 706 1659 753 confecit
1702 706 1830 753 ordi-

150 797 261 828 nem
300 780 579 827 fabularum
615 779 839 827 exhibere
870 781 1020 827 hunc:
1059 780 1251 828 Andria
1282 779 1546 827 Eunuchus
1577 779 1831 840 Adelphoe

150 854 732 902 Heautontimorumenos
792 854 990 916 Hecyra
1049 854 1294 901 Phormio.
1394 852 1548 909 Quem
1610 853 1831 901 ordinem

150 930 269 989 quin
323 944 382 975 ex
433 927 620 975 Donati
673 933 945 976 commento
999 929 1286 989 repetiverit
1339 928 1692 990 grammaticus
1745 928 1831 974 ille

149 1004 310 1050 nescio
352 1003 483 1063 quiS,
522 1002 604 1049 vix
642 1003 808 1062 potest
847 1018 949 1051 esse
988 1002 1212 1063 dubium,
1254 1005 1435 1064 quippe
1477 1002 1563 1062 qui
1599 1003 1734 1050 totus
1774 1018 1832 1049 ex

148 1076 236 1124 illo
276 1078 548 1123 commento
586 1075 814 1137 pendeat.
875 1077 1051 1138 Itaque
1089 1077 1140 1123 in
1181 1092 1236 1123 eo
1277 1091 1373 1138 quo
1413 1091 1528 1123 usus
1569 1078 1643 1123 est
1674 1091 1832 1123 exem-

147 1150 279 1212 plari
303 1152 416 1212 post
439 1149 679 1197 Andriam
702 1150 892 1198 invenit
907 1150 1213 1211 Eunuchum,
1235 1150 1831 1198 Heautontimorumenon

150 1227 335 1284 autem,
382 1225 519 1272 cuius
558 1227 886 1272 commentum
923 1225 1024 1272 iam
1061 1225 1358 1287 deperierat,
1402 1226 1508 1284 ipse
1546 1224 1598 1270 in
1638 1240 1833 1272 enume-

149 1298 342 1346 ratione
375 1313 465 1346 sua
496 1297 846 1360 superaddidit.
906 1298 1035 1346 Huic
1066 1299 1349 1346 testimonio
1383 1298 1593 1345 alterum
1623 1298 1833 1346 fortasse

151 1372 360 1431 accedit,
414 1371 546 1433 quod
589 1373 777 1433 petitur
822 1389 880 1420 ex
926 1373 1123 1420 scholiis
1171 1372 1350 1420 codicis
1390 1371 1666 1419 Victoriani
1712 1387 1747 1419 s.
1788 1373 1831 1419 X

150 1446 343 1507 scripti,
383 1461 480 1507 quo
519 1445 578 1492 de
617 1462 661 1493 v.
694 1446 826 1493 infra
857 1445 888 1507 ἓ
923 1447 969 1494 5.
1042 1446 1172 1493 Hinc
1210 1447 1432 1508 sequitur
1469 1446 1521 1492 in
1553 1445 1678 1494 libro
1712 1462 1831 1508 quo-

150 1521 278 1580 dam,
318 1522 403 1581 qui
446 1519 659 1567 codicem
689 1519 739 1566 A
771 1522 933 1568 aetate
966 1521 1277 1582 aliquantum
1307 1519 1586 1582 superabat,
1625 1520 1833 1568 eundem

149 1594 394 1642 exstitisse
449 1593 668 1641 ordinem
723 1609 867 1655 quem
922 1594 1071 1642 codex
1115 1595 1166 1642 B
1211 1597 1447 1654 testatur3
1500 1593 1629 1641 unde
1675 1596 1728 1641 in
1774 1611 1833 1643 eo

151 1668 416 1729 exemplari
449 1666 579 1728 quod
609 1669 739 1715 inter
759 1666 809 1714 A
834 1671 883 1716 et
914 1684 1220 1716 communem
1249 1669 1490 1716 librorum
1513 1667 1620 1715 AB
1643 1669 1832 1717 fontem

148 1741 408 1789 intercedit
454 1741 673 1789 ordinem
720 1745 1105 1791 commentorum
1153 1745 1508 1798 commutatum
1553 1758 1656 1791 esse
1696 1743 1832 1790 colli-

148 1831 320 1878 gamus
359 1830 552 1863 necesse
592 1818 666 1863 est
705 1809 787 1882 (cf.
827 1817 951 1864 Mus.
984 1816 1136 1864 Rhen.
1169 1817 1263 1865 LII
1288 1814 1393 1880 94).
1457 1816 1531 1862 Ex
1568 1817 1630 1864 iis
1663 1820 1830 1864 autem

149 1889 208 1936 de
255 1890 431 1950 quibus
476 1889 622 1936 modo
669 1889 921 1952 disputavi
967 1891 1213 1939 codicibus
1251 1890 1301 1938 A
1348 1893 1397 1939 et
1441 1890 1492 1938 B
1529 1891 1832 1952 reliquorum

150 1965 367 2011 omnium
413 1962 690 2011 derivatum
737 1979 840 2012 esse
885 1965 1078 2012 nullum
1116 1965 1197 2013 vel
1234 1965 1347 2013 inde
1385 1965 1704 2013 manifestum
1742 1967 1833 2026 est,

150 2037 280 2099 quod
333 2039 540 2099 uterque
593 2053 691 2085 non
745 2039 843 2086 nisi
887 2041 1081 2102 partem
1127 2040 1391 2088 commenti
1436 2040 1557 2087 satis
1604 2040 1832 2103 exiguam

148 2112 378 2160 continet.
428 2138 490 2143 —
542 2109 743 2160 Codices
786 2111 885 2160 CF
926 2113 989 2160 ad
1034 2112 1251 2162 codicem
1287 2113 1635 2176 Maguntinum
1671 2113 1831 2162 redire

49 2195 51 2197 ’
149 2201 297 2248 supra
349 2187 451 2232 iam
505 2184 739 2246 vidimus3
793 2186 857 2233 ad
910 2187 1117 2234 eundem
1170 2190 1335 2235 autem
1386 2187 1575 2235 fontem
1627 2189 1834 2250 propter

148 2275 391 2307 summam
437 2274 561 2320 quae
608 2262 817 2322 apparet
855 2262 1226 2324 congruentiam
1261 2260 1525 2309 revocandi
1563 2264 1678 2309 sunt
1715 2261 1833 2310 libri

151 2334 197 2380 T
224 2336 275 2382 et
302 2334 373 2394 133
414 2348 622 2394 quorum
659 2334 744 2382 ille
777 2334 974 2395 quidem
1005 2350 1063 2382 ex
1094 2335 1264 2384 eodem
1296 2351 1392 2397 quo
1421 2335 1520 2384 OF
1539 2335 1831 2399 apographo

150 2400 507 2473 (DecembriiP)
554 2407 764 2469 pendere
811 2407 1012 2456 videtur
1049 2403 1130 2475 (cf.
1172 2409 1235 2456 ad
1273 2410 1490 2457 Euanth.
1520 2409 1599 2457 ΠΙ
1625 2404 1706 2477 5),
1751 2410 1834 2458 hic

148 2482 200 2529 ni
238 2481 387 2530 fallor
426 2496 483 2527 ex
518 2481 627 2542 ipso
658 2481 950 2544 Maguntino
979 2483 1306 2545 transcriptus
1338 2485 1424 2531 est.
1487 2482 1580 2531 Cui
1610 2485 1833 2546 opinioni

148 2557 232 2604 vix
270 2555 450 2615 obstat,
489 2554 620 2616 quod
648 2557 702 2602 in
731 2556 781 2603 R
810 2556 1076 2605 nonnullae
1106 2557 1311 2606 lacunae
1341 2558 1675 2619 reperiuntur,
1715 2559 1832 2619 quia

147 2629 202 2677 in
240 2629 506 2692 archetypo
547 2629 665 2690 quid
695 2630 936 2692 scriptum
965 2634 1093 2679 esset
1123 2630 1343 2694 dignosci
1374 2633 1476 2679 iam
1505 2646 1605 2679 non
1634 2634 1834 2694 poterat

149 2697 367 2770 (Phorm.
413 2703 566 2765 praef.
598 2702 676 2750 ΙΠ
707 2705 764 2764 4;
808 2703 932 2765 prol.
967 2698 1073 2771 11).
1157 2705 1290 2753 Nam
1334 2707 1384 2753 et
1427 2706 1534 2767 ipse
1582 2703 1832 2754 Candidus

150 2772 353 2826 ‘cariem
388 2778 572 2825 vetusti
610 2772 791 2839 operis'
831 2778 1054 2838 queritur
1084 2781 1135 2827 et
1162 2779 1543 2827 Riccardianum
1573 2779 1831 2841 aliquanto

148 2853 271 2914 post.
290 2851 427 2899 illius
459 2849 800 2913 apographum
829 2853 1024 2900 constat
1055 2867 1158 2900 esse
1188 2853 1511 2915 descriptum3
1541 2855 1612 2901 sic
1635 2854 1832 2901 evenire

149 2923 335 2987 potuit,
379 2927 439 2973 ut
482 2939 608 2985 quae
652 2925 755 2972 iam
792 2926 908 2973 ante
945 2924 1167 2989 dignosci
1203 2927 1287 2975 vix
1322 2927 1622 2989 potuissent,
1666 2926 1830 2988 spatio
