2094 3140
250 157 391 200 XLIV
900 157 1251 203 PRAEFATIO.

361 282 498 339 Quod
538 283 599 330 ad
639 299 779 331 voces
813 284 1020 331 Graecas
1053 283 1251 343 attinet,
1290 282 1341 329 in
1372 283 1543 331 iisdem
1575 301 1727 346 paene
1759 300 1919 332 versa-

248 374 357 403 mur
382 359 635 419 angustiis‚
661 358 839 419 quippe
866 374 974 405 cum
997 358 1048 403 in
1072 358 1277 404 noviciis
1301 357 1439 404 libris
1456 359 1557 404 fere
1574 358 1919 406 desiderentur.

250 429 395 478 Omni
432 431 703 492 suspicione
744 434 922 492 carent⁷
964 447 1087 492 quae
1119 431 1170 476 in
1201 429 1314 476 AB
1343 430 1503 478 Ouiae.
1540 432 1751 478 traditae
1785 435 1919 493 sunt3

249 504 375 551 idem
415 505 549 551 valet
587 505 645 552 de
684 506 742 552 iis
785 521 907 566 quae
946 507 997 551 in
1024 505 1158 552 V—
1181 504 1294 551 huic
1325 505 1563 565 plurimas
1597 505 1823 553 debemus
1854 532 1914 538 —-

249 581 297 624 et
327 578 376 623 R
413 578 654 640 leguntur.
717 579 969 626 Accedunt
1009 594 1131 639 quae
1171 579 1221 623 in
1253 578 1320 624 M
1355 594 1382 624 a
1420 593 1569 624 manu
1609 581 1669 639 4.,
1713 580 1763 625 111
1807 578 1850 627 G
1891 595 1919 626 a

248 667 395 698 manu
438 654 481 698 22.
545 655 704 700 nescio
753 653 927 713 quibus
974 669 1030 700 ex
1077 651 1294 699 fontibus
1341 653 1566 713 suppleta
1614 656 1746 712 sunt3
1800 669 1919 715 pau-

249 727 441 772 cissima
493 742 548 772 ex
595 727 757 773 codice
805 727 1017 787 quodam
1065 724 1227 772 Caroli
1276 724 1472 772 Strottii
1516 728 1804 787 repetuntur
1852 720 1918 792 (v.

249 794 412 845 eStudi
450 795 574 846 itaL'
615 799 665 846 Π
691 801 781 860 89;
825 794 966 866 127).
1044 799 1302 846 Praeterea
1347 799 1398 845 in
1439 793 1638 866 TO(F)
1680 799 1920 861 quaedam

248 887 362 919 casu
387 876 579 920 servata
604 876 731 933 sunt,
756 873 813 921 de
831 874 1005 935 quibus
1023 873 1272 934 disputavi
1287 875 1339 919 in
1356 873 1477 920 Mus.
1492 873 1644 920 Rhen.
1662 873 1754 919 LII
1772 875 1835 920 75
1849 889 1919 935 sq.

247 946 495 993 Nonnulla
547 949 696 994 etiam
740 949 793 994 in
840 948 1084 995 codicibus
1132 950 1188 993 tx
1233 946 1314 994 sed
1361 949 1412 993 in
1458 948 1618 1008 prima
1665 947 1921 994 dumtaxat

248 1023 508 1067 commenti
562 1024 700 1082 parte
757 1014 931 1086 (usque
987 1021 1049 1067 ad
1086 1020 1237 1067 Andr.
1270 1021 1295 1066 Ι
1322 1015 1478 1087 1,98)
1535 1023 1747 1081 exstant3
1801 1021 1920 1068 haec

247 1095 530 1155 plerumque
556 1111 665 1142 cum
689 1096 749 1142 iis
775 1096 1099 1155 consentiunt7
1129 1109 1252 1155 quae
1275 1096 1327 1141 in
1351 1095 1417 1141 M
1438 1097 1710 1142 atramento
1736 1097 1919 1156 scripta

247 1170 380 1214 sunt:
435 1169 586 1216 minio
635 1171 765 1216 enim
810 1183 983 1215 manus
1032 1170 1079 1214 4.
1127 1169 1387 1231 supplevit.
1463 1168 1629 1231 Longe
1670 1169 1768 1215 alia
1809 1184 1918 1216 con-

246 1240 372 1288 dicio
429 1245 502 1290 est
553 1242 903 1290 vocabulorum
951 1242 1266 1302 Graecorum,
1321 1257 1444 1302 quae
1499 1241 1647 1289 editio
1693 1244 1919 1304 princeps

247 1315 461 1377 exhibet3
506 1332 622 1363 nam
668 1332 724 1364 ea
764 1318 806 1364 si
842 1333 940 1364 non
980 1317 1145 1364 omnia
1183 1319 1236 1363 at
1274 1331 1504 1378 magnam
1542 1317 1733 1377 partem
1770 1318 1919 1363 inter-

246 1390 460 1451 polatori
485 1390 648 1437 deberi
672 1390 1027 1438 demonstravit
1045 1388 1314 1437 Sabbadini
1332 1383 1521 1455 (³¹Studi
1535 1385 1661 1436 ital.'
1679 1389 1755 1436 ΠΙ
1774 1383 1917 1456 333).

247 1462 374 1519 Quid
413 1463 472 1510 de
505 1463 741 1526 Stephani
780 1464 992 1512 editione
1031 1463 1346 1511 statuendum
1384 1463 1463 1523 sit,
1502 1462 1676 1511 docent
1707 1479 1764 1511 ea
1795 1479 1920 1524 quae

244 1539 297 1584 in
327 1538 634 1599 praefatione
666 1540 884 1599 cxponit:
923 1538 1009 1584 ubi
1039 1537 1276 1585 librorum
1306 1539 1751 1599 manuscriptorum
1781 1539 1918 1584 testi-

245 1613 463 1658 monium
511 1611 716 1672 accedit,
763 1610 975 1673 suspicio
1022 1610 1160 1659 nulla
1206 1613 1300 1672 est,
1348 1614 1401 1658 at
1437 1611 1523 1658 ubi
1559 1611 1637 1658 illi
1674 1610 1919 1671 deficiunt,

247 1685 377 1746 quod
414 1686 656 1747 imprimis
693 1687 747 1732 in
777 1685 1116 1748 Adelphorum
1146 1686 1418 1733 commento
1449 1683 1636 1732 factum
1667 1687 1752 1746 est,
1791 1686 1920 1746 peri-

246 1759 408 1806 culum
441 1762 528 1819 est,
566 1775 625 1807 ne
660 1775 782 1821 quae
815 1759 946 1807 docti
976 1759 1136 1806 nescio
1170 1760 1305 1806 cuius
1338 1758 1642 1806 coniecturae
1669 1758 1919 1819 debentur,

245 1833 439 1880 vetusto
471 1834 738 1895 exemplari
769 1849 864 1895 quo
897 1848 1012 1880 usus
1045 1837 1118 1881 est
1149 1833 1308 1880 editor
1337 1834 1645 1894 imputemus.
1670 1859 1741 1864 —-
1773 1832 1918 1879 Prae·

244 1908 380 1954 terea
409 1907 704 1954 monendum
726 1907 952 1954 librarios
977 1909 1029 1953 in
1052 1906 1406 1967 perscribendis
1431 1905 1680 1953 vocabulis
1706 1904 1918 1966 Graecis,

245 2007 317 2012 —-
339 1981 432 2028 hoc
470 1982 777 2042 potissimum
815 1981 875 2027 ad
906 1979 1138 2028 terminos
1169 1980 1417 2028 technicos
1450 1994 1570 2041 quos
1601 1982 1779 2027 vocant
1809 1995 1916 2040 per-

244 2055 371 2101 tinet
414 2081 475 2086 ——
519 2055 611 2102 sibi
656 2056 856 2102 minime
896 2054 1194 2115 constitisse3
1240 2054 1369 2101 unde
1407 2053 1593 2100 factum
1633 2056 1725 2114 est,
1772 2056 1828 2099 ut
1866 2053 1917 2099 in

246 2128 490 2176 codicibus
536 2128 678 2176 modo
718 2127 930 2176 Graecae
969 2130 1113 2176 modo
1152 2127 1359 2176 Latinae
1398 2128 1591 2174 litterae
1632 2129 1916 2189 appareant.

247 2201 354 2258 Qua
383 2204 435 2249 in
465 2218 516 2249 re
549 2218 656 2250 eam
686 2204 995 2264 potissimum
1027 2205 1218 2250 secutus
1250 2218 1358 2250 sum
1387 2202 1642 2263 rationem,
1677 2203 1733 2248 ut
1764 2202 1918 2248 omni-

245 2275 334 2324 bus
386 2276 505 2323 locis
557 2275 791 2324 Graecam
842 2278 1151 2324 restituerem
1195 2277 1427 2335 formam,
1479 2274 1565 2321 ubi
1611 2277 1697 2322 aut
1743 2275 1918 2335 optimi

244 2349 360 2396 libri
405 2365 513 2396 eam
552 2349 779 2397 exhibent
818 2352 904 2397 aut
940 2351 993 2396 in
1032 2349 1324 2412 quibusdam
1362 2349 1540 2396 lacuna
1580 2350 1759 2408 exstat,
1807 2363 1916 2395 cum

194 2439 203 2454 ·
245 2423 333 2470 alii
371 2422 600 2470 Latinam
638 2423 847 2470 formam
884 2424 1165 2485 praebeant.

1090 2602 1135 2646 7.

289 2689 370 2736 De
409 2689 535 2735 eius
575 2687 727 2749 quod
766 2687 836 2734 ad
874 2702 976 2735 nos
1014 2598 1289 2749 §ervenit
1327 2687 1639 2735 commenti
1675 2685 1863 2732 forma

846 2770 1021 2830 atque
1061 2769 1305 2832 origine.

353 2865 431 2912 Ad
464 2880 767 2913 communem
798 2863 1117 2925 archetypum
1142 2863 1300 2910 redire
1324 2877 1488 2911 omnes
1513 2862 1700 2910 codices
1724 2863 1914 2908 nostros

244 2955 343 2987 non
381 2940 454 2987 est
494 2938 625 3000 quod
662 2937 885 3000 pluribus
924 2937 1296 2985 demonstretur.
1358 2936 1431 2984 De
1470 2935 1557 2983 illo
1598 2936 1700 2998 egit
1731 2934 1915 2982 Sabba-
