2094 3140
697 152 1022 197 EVNVCHVS
1046 153 1087 197 V
1112 158 1153 209 8,
1180 157 1365 197 59—64.
1772 155 1879 207 497

196 279 259 326 ad
306 278 610 326 meretricem
658 293 719 324 an
767 277 828 324 ad
878 292 1046 324 cenam
1084 278 1281 338 militis,
1327 279 1384 324 ut
1421 278 1647 339 promisit
1687 273 1752 344 (v.
1788 274 1880 345 57)

198 347 345 399 ‘huno
385 367 473 414 ego
514 366 551 397 c.
593 352 641 397 et
680 350 723 397 d.
764 346 990 398 censeo'?
1121 352 1150 398 3
1191 366 1276 397 ITE
1315 364 1418 398 HAG
1460 355 1782 399 comessatum
1822 353 1883 399 ad

196 426 403 472 militem
453 424 532 471 uel
573 423 823 471 Thaidem.
1014 425 1046 471 4
1097 423 1150 471 Si
1190 439 1335 471 cenae
1374 423 1601 471 interfuit
1638 426 1883 485 meretrix,

199 514 295 560 quo
340 497 485 545 modo
533 499 642 544 acta
679 500 793 559 post
832 499 947 545 sunt
985 497 1172 558 omnia,
1219 513 1327 545 eum
1367 498 1551 545 mentio
1590 499 1747 546 noctis
1787 515 1884 546 non

201 573 332 618 facta
372 569 472 618 sit?
532 571 697 618 omnia
735 573 849 633 post
887 586 1057 619 cenam
1095 573 1234 634 gesta
1272 574 1388 618 sunt
1426 572 1475 619 et
1513 586 1610 619 non
1642 572 1884 633 completa
1931 590 1950 622 5

195 661 284 706 per
321 644 479 691 rixam
519 659 637 691 cena
675 645 918 706 superfuit
955 645 1222 706 plurimum
1259 645 1493 707 temporis
1533 644 1596 691 ad
1627 646 1882 708 agendum.

318 803 342 841 1
377 799 474 857 <an
505 799 574 854 (in
604 813 688 856 my.
714 813 770 843 m.
795 799 877 858 2)>
909 799 971 842 ad
1011 800 1055 843 V
1090 799 1096 857 Ι
1141 799 1219 856 an]
1251 812 1360 842 nam
1393 799 1440 853 Ο,
1473 813 1582 854 uam
1614 799 1657 842 V
1689 801 1703 855 ΙΙ
1739 804 1764 842 2
1797 812 1883 856 ego

198 859 246 900 et
281 871 331 900 c·
366 860 414 900 et
445 857 764 901 deuorandum
795 871 959 902 censeo
992 858 1062 915 V!
1090 857 1156 901 ite
1187 871 1243 902 em
1272 857 1342 901 ita
1371 871 1485 902 corr.
1513 858 1550 902 Ο
1574 859 1580 914 Ι
1608 871 1883 902 commessa-

197 917 298 959 tum
325 916 362 960 Ο
378 917 422 959 V
443 918 457 972 ss
490 921 515 959 3
547 915 625 959 uel
656 930 738 960 om.
767 917 803 961 Ο
829 917 834 975 Ι
863 916 912 960 Si
941 917 1103 975 cenae]
1136 916 1280 960 finece
1307 916 1345 960 G
1371 916 1387 975 ΙΙ
1417 922 1444 960 4
1487 918 1595 960 acta
1621 942 1677 949 —
1707 916 1882 975 omnia]

197 975 305 1030 post
335 974 464 1018 facta
495 976 603 1019 sunt
637 975 674 1020 Ο
720 978 727 1031 Ι
771 975 966 1033 mentio]
998 990 1046 1018 m
1076 989 1192 1020 *ηε*
1226 975 1265 1020 0
1289 977 1303 1032 n
1336 980 1361 1018 5
1394 974 1489 1018 sint
1514 975 1551 1020 Ο
1589 978 1596 1032 Ι
1637 989 1731 1019 non
1762 989 1883 1019 com-

197 1032 327 1090 pleta
357 1046 442 1089 per
471 1033 611 1077 fixam
642 1047 804 1078 cenam
830 1035 876 1090 Ο,
908 1034 1125 1090 completa
1154 1047 1247 1079 non
1278 1038 1383 1078 ante
1412 1048 1512 1078 cum
1530 1035 1754 1091 pers-{xant
1779 1048 1883 1078 coe-

196 1105 308 1135 nam
337 1105 431 1137 non
470 1092 514 1136 V
539 1094 612 1150 (=
637 1093 775 1150 dett.),
807 1107 920 1138 corr.
946 1093 1012 1137 ed.
1033 1107 1103 1149 pr.

291 3006 436 3040 Donati
458 3014 592 3042 comm.
613 3015 686 3041 reo.
702 3006 781 3040 We
790 3015 808 3040 ι
818 3015 870 3038 ιιι
879 3013 899 3038 ο
908 3013 938 3038 r.
1559 2996 1615 3035 32
