2072 3146
858 125 1210 170 PRAEFATIO.
1803 125 1865 168 XI

194 248 309 291 culis
355 245 524 290 litteris
572 244 743 301 scripta
791 247 923 287 erant
961 243 1036 300 (cf.
1068 244 1182 287 Eun.
1217 244 1237 286 1
1270 248 1404 298 2,87;
1445 243 1626 286 Phorm.
1659 243 1679 285 Ι
1713 248 1750 296 2,
1772 246 1864 297 18);

192 306 273 350 ubi
305 306 486 357 desunt,
519 304 790 360 plerumque
823 304 1026 360 spatium
1056 303 1271 347 relictum
1303 305 1386 355 est,
1420 301 1540 345 sicut
1563 302 1612 344 in
1637 301 1742 344 aliis
1768 300 1865 344 eius

194 364 362 408 aetatis
410 363 646 408 codicibus
693 363 870 406 factum
915 362 1138 405 videmus.
1207 362 1455 405 Praeterea
1500 361 1708 404 notanda
1751 360 1866 403 haec

193 426 319 468 sunt:
369 422 429 466 ad
467 423 608 465 Andr.
633 422 696 464 III
722 426 803 474 2‚1
852 435 934 477 pro
982 435 1035 464 eo
1083 421 1208 476 quod
1256 420 1546 464 desideratur
1594 419 1862 476 ‘suminam’

191 483 312 525 inter
357 482 609 525 ‘dicuntur’
652 483 698 524 et
740 481 922 524 ‘adhuc’
966 479 1150 537 signum
1190 479 1393 536 positum
1432 482 1522 522 est:
1569 478 1619 522 in
1657 478 1866 534 margine

192 540 476 596 adscriptum
510 540 730 596 ‘spatium
762 539 839 582 hic
870 539 920 582 in
949 539 1102 582 medio
1137 539 1330 582 duorum
1361 538 1647 592 verborum'3
1680 537 1728 580 in
1756 538 1866 581 Hec.

193 602 451 644 commento
499 599 679 654 aliquot
724 598 920 642 lacunae
967 598 1276 655 reperiuntur:
1325 597 1365 640 V
1392 603 1431 652 3,
1453 604 1473 640 1
1524 597 1691 640 desunt
1728 597 1868 640 verba

194 659 447 702 ‘inducitur
479 685 532 690 —
565 659 667 702 sua'
724 659 772 701 et
824 658 872 700 in
926 657 1135 715 margine
1191 657 1465 701 adnotatum
1519 659 1590 699 est
1646 655 1869 700 ‘deletum

189 720 379 774 propter
409 718 727 773 vetustatem’,
759 717 802 760 V
826 722 865 771 4,
887 721 939 759 19
974 716 1296 760 desiderantur
1328 716 1467 759 verba
1502 716 1707 759 ‘inter—
1727 716 1864 759 locus’

193 780 241 820 et
270 777 312 818 V
336 782 375 832 4,
397 781 569 819 22—23
613 778 693 820 ‘est
724 803 779 808 —
810 777 1018 819 uideram
1048 777 1132 819 ut'.
1195 776 1247 818 In
1279 775 1570 819 Phormionis
1610 777 1866 818 commento

191 835 369 879 scholia
402 849 520 890 quae
552 835 788 892 pertinent
821 835 878 878 ad
903 835 945 877 ΙΙ
971 839 995 876 3
1028 835 1078 877 in
1111 835 1225 878 duos
1259 834 1442 878 ordines
1469 833 1720 878 distributa
1746 836 1867 887 sunt,

190 895 260 938 ita
290 897 343 938 ut
374 894 552 938 scholia
584 895 644 938 ad
674 909 716 938 v.
745 898 886 937 1-93
913 893 1204 950 excipiantur
1228 893 1416 938 scholiis
1441 893 1501 937 ad
1526 909 1564 936 V.
1585 897 1743 946 5—-93‚
1776 906 1869 947 qua

194 954 250 997 de
282 967 331 997 re
362 967 467 997 mox
499 953 646 996 fusius
679 953 944 1009 disputetur
971 966 1158 997 necesse
1184 955 1273 1008 est3
1308 953 1367 996 ad
1391 968 1432 996 v.
1453 957 1479 996 3
1502 951 1668 1008 prioris
1694 951 1867 995 ordinis

191 1011 410 1056 librarius
445 1012 690 1057 adnotavit
724 1012 880 1056 ‘Error
910 1012 958 1055 in
992 1012 1244 1068 exemplari
1271 1038 1278 1045 ·
1307 1013 1386 1066 A’,
1418 1011 1544 1055 idem
1575 1011 1636 1054 ad
1659 1026 1700 1055 v.
1730 1015 1753 1053 7
1788 1011 1868 1054 ad-

192 1072 378 1128 scripsit
427 1072 574 1116 ‘uerte
620 1085 767 1127 usque
814 1071 875 1115 ad
920 1070 1017 1115 tale
1065 1071 1282 1128 signum’,
1329 1074 1429 1114 tum
1483 1070 1620 1114 initio
1676 1069 1867 1114 alterius

191 1130 366 1175 ordinis
413 1130 462 1173 in
507 1131 718 1188 margine
756 1130 872 1174 haec
912 1130 1096 1174 adiecta
1135 1133 1243 1174 sunt
1283 1129 1417 1174 ‘haec
1456 1128 1699 1185 sequentia
1736 1143 1867 1186 prae-

195 1191 367 1233 cedunt
398 1203 453 1233 ea
486 1204 606 1244 quae
635 1192 988 1246 praecesserunt
1018 1193 1127 1233 ante
1159 1189 1209 1232 in
1232 1189 1319 1232 tali
1344 1189 1477 1246 signo
1505 1215 1511 1222 ·
1541 1189 1601 1231 A’
1630 1191 1677 1232 et
1701 1189 1869 1232 iterum

192 1249 252 1292 ad
282 1264 322 1294 v.
350 1254 403 1291 11
448 1248 740 1306 ‘dupplicata
781 1251 890 1292 sunt
921 1251 968 1292 et
998 1251 1155 1292 tamen
1188 1248 1326 1292 aliter
1358 1247 1451 1291 dici
1483 1248 1699 1291 videntur
1729 1261 1870 1303 quam

192 1311 333 1352 antea
365 1307 492 1351 dicta
523 1307 650 1353 sint'.
696 1307 818 1351 Hinc
850 1310 1044 1364 apparet
1075 1307 1170 1351 iam
1200 1307 1249 1350 in
1282 1321 1335 1351 eo
1360 1306 1613 1363 exemplari
1637 1320 1692 1350 ex
1716 1321 1806 1361 quo
1832 1307 1875 1349 V

192 1367 451 1423 descriptus
499 1369 570 1410 est
617 1367 730 1411 duos
778 1367 839 1411 ad
885 1367 1005 1410 hanc
1052 1380 1269 1410 scaenam
1316 1366 1550 1410 exstitisse
1590 1365 1870 1410 scholiorum

192 1426 390 1470 ordines.
430 1452 486 1458 —
525 1426 624 1469 Iam
664 1425 1065 1470 commemoranda
1103 1428 1174 1470 est
1211 1439 1284 1469 res
1315 1425 1506 1468 maximi
1537 1425 1780 1469 momenti:
1821 1425 1871 1467 in
1891 1424 1959 1468 ΥΞ

191 1485 344 1542 priore
382 1485 506 1528 enim
545 1484 792 1529 commenti
830 1486 963 1541 parte
1003 1485 1147 1529 codex
1180 1485 1224 1528 V
1257 1483 1506 1528 sescenties
1543 1498 1733 1527 manum
1772 1498 1868 1527 cor-

191 1544 435 1588 rectricem
460 1546 673 1600 expertus
699 1547 782 1599 est,
808 1558 948 1599 quam
966 1543 1225 1588 Sabbadini
1242 1543 1418 1610 (studi
1433 1543 1638 1587 italiani’
1657 1543 1699 1586 Il
1717 1548 1773 1586 44
1784 1546 1869 1600 sq.)

193 1603 390 1647 eandem
421 1605 561 1658 atque
591 1602 772 1646 librarii
805 1616 904 1646 esse
937 1602 1028 1646 sibi
1050 1605 1297 1660 persuasit,
1331 1606 1382 1647 at
1404 1602 1634 1646 Wissowa
1658 1604 1706 1646 et
1730 1601 1871 1646 Grae-

191 1676 281 1706 ven
328 1662 387 1706 ab
426 1662 514 1705 hac
554 1662 783 1706 diversam
821 1664 1011 1718 putant,
1059 1662 1147 1706 etsi
1185 1661 1258 1705 ilh·
1297 1665 1344 1706 et
1383 1661 1622 1705 simillima
1661 1665 1708 1706 et
1746 1663 1870 1706 certe

195 1735 366 1765 coaeva
397 1720 470 1764 sit.
518 1721 645 1764 Haec
677 1721 945 1765 correctoris
977 1735 1142 1765 manus
1167 1748 1221 1753 —-
1248 1721 1431 1778 appello
1465 1735 1568 1765 eam
1594 1720 1676 1776 V2‚
1710 1735 1870 1776 quam-

192 1794 335 1836 quam
382 1779 519 1823 certis
566 1780 622 1824 de
670 1779 822 1824 causis
867 1780 916 1823 in
958 1779 1234 1824 Sabbadinii
1281 1779 1563 1825 sententiam
1600 1779 1872 1837 propensior

192 1853 294 1882 sum
319 1866 371 1871 —
396 1839 596 1896 primum
628 1839 743 1882 satis
774 1839 924 1883 multa
953 1839 1126 1896 partim
1157 1840 1207 1883 in
1236 1842 1368 1884 textu
1392 1839 1564 1896 partim
1586 1839 1635 1882 in
1659 1838 1871 1896 margine

193 1897 439 1954 supplevit,
472 1911 592 1954 quae
623 1897 842 1942 librarius
874 1899 1096 1943 omiserat
1127 1899 1340 1955 (fortasse
1372 1898 1484 1955 quia
1514 1898 1608 1942 iam
1639 1898 1688 1941 in
1712 1898 1871 1942 arche-

190 1959 304 2014 typo
337 1957 568 2014 deerant);
608 1957 776 2001 deinde
808 1957 1080 2014 saepissime
1110 1957 1356 2014 pristinam
1388 1957 1664 2014 scripturam
1696 1956 1872 2001 delevit

191 2016 427 2072 aliamque
458 2016 706 2061 lectionem
730 2016 988 2072 substituit,
1020 2015 1097 2061 vel
1121 2016 1264 2061 etiam
1287 2017 1463 2061 additis
1489 2015 1634 2074 signis
1662 2015 1688 2030 ''
1711 2015 1723 2030 '
1750 2015 1871 2060 ordi-

190 2089 298 2120 nem
335 2075 581 2119 verborum
618 2075 832 2120 mutavit.
895 2075 1023 2128 Quae
1062 2078 1351 2121 correcturae
1389 2079 1489 2120 tam
1526 2076 1791 2132 frequentes
1825 2078 1871 2119 et

190 2137 290 2179 tam
334 2133 570 2178 violentae
616 2134 729 2190 quin
775 2149 830 2180 ex
874 2134 967 2179 alio
1006 2135 1260 2192 exemplari
1297 2135 1436 2192 longe
1476 2135 1654 2178 diverso
1693 2133 1871 2190 petitae

194 2193 309 2249 sint,
351 2193 545 2237 dubium
586 2207 678 2237 non
718 2195 809 2249 est,
847 2193 1121 2250 praesertim
1161 2208 1265 2238 cum
1302 2193 1526 2238 facillime
1566 2193 1871 2238 demonstrari

191 2251 356 2309 possit,
389 2251 517 2295 cuius
550 2251 733 2310 generis
761 2252 903 2296 fuerit
928 2253 1072 2297 codex
1095 2253 1190 2308 ille,
1223 2267 1360 2309 quem
1386 2255 1616 2297 corrector
1639 2251 1869 2296 adhibuit.

193 2311 413 2356 Conferas
443 2311 586 2355 velim
615 2311 738 2356 inter
769 2325 819 2355 se
850 2311 1058 2356 codicem
1080 2313 1124 2356 L
1155 2312 1228 2356 vel
1259 2327 1283 2357 c
1312 2312 1388 2356 vel
1411 2313 1467 2356 N
1493 2315 1540 2356 et
1571 2325 1627 2355 ea
1658 2325 1778 2367 quae
1803 2311 1871 2354 V2

191 2370 402 2415 intrusit:
436 2385 494 2414 en
523 2371 668 2414 habes
701 2385 884 2415 omnem
914 2377 1031 2416 rem!
1078 2372 1233 2427 Atque
1258 2386 1349 2428 quo
1372 2371 1524 2429 magis
1549 2371 1873 2427 comprobetur

190 2429 363 2473 librum
407 2429 551 2474 talem
589 2429 855 2474 adhibitum
894 2444 1014 2487 esse,
1060 2429 1363 2487 inspiciamus
1402 2430 1442 2474 si
1478 2429 1637 2487 placet
1674 2429 1871 2474 alteram

190 2487 413 2532 Vaticani
450 2490 631 2545 partem
662 2488 771 2533 inde
804 2489 864 2533 ab
897 2489 982 2533 Ad.
1015 2489 1057 2532 H
1081 2495 1130 2544 3,
1169 2489 1250 2534 ubi
1282 2491 1571 2534 correcturae
1602 2488 1758 2533 subito
1790 2488 1871 2532 de—

193 2546 372 2592 sinunt:
405 2547 579 2603 ubique
611 2561 839 2591 summam
869 2547 992 2592 inter
1015 2549 1060 2591 V
1085 2552 1133 2593 et
1155 2548 1300 2592 libros
1325 2563 1464 2606 supra
1489 2550 1869 2592 commemoratos

190 2605 472 2663 reperiemus
518 2619 803 2651 consensum.
872 2607 1036 2663 Itaque
1081 2607 1171 2651 hoc
1215 2622 1299 2664 pro
1346 2610 1471 2652 certo
1511 2606 1656 2651 statui
1693 2608 1870 2663 potest:

190 2664 410 2709 librarius
442 2665 523 2721 qui
554 2665 835 2710 Vaticanum
867 2665 1075 2710 exaravit
1105 2680 1209 2710 cum
1238 2666 1528 2724 pervenisset
1559 2666 1620 2709 ad
1650 2665 1739 2709 Ad.
1762 2665 1805 2709 lI
1829 2669 1870 2719 3,

194 2722 324 2768 aliud
376 2726 541 2768 nactus
596 2724 832 2781 exemplar
884 2738 1006 2780 quae
1059 2725 1212 2769 adhuc
1259 2726 1507 2783 scripserat
1551 2725 1650 2770 eius
1697 2723 1870 2768 auxilio

193 2782 414 2837 correxit,
464 2783 633 2827 deinde
679 2797 782 2827 cum
827 2786 1045 2840 pergeret
1083 2784 1290 2829 eiusdem
1329 2784 1606 2842 exemplaris
1643 2783 1871 2828 rationem

191 2841 361 2886 habuit
406 2855 547 2898 quam
590 2842 851 2898 plurimam.
914 2842 1034 2886 Hinc
1081 2843 1313 2900 sequitur,
1359 2847 1414 2888 ut
1458 2856 1579 2900 quae
1623 2842 1674 2886 in
1718 2841 1871 2898 priore

192 2902 327 2957 parte
355 2901 603 2946 correctori
627 2900 856 2945 debentur
878 2903 927 2945 et
949 2901 1106 2946 omnia
1129 2915 1249 2958 quae
1273 2902 1323 2946 in
1352 2902 1607 2959 posteriore
1637 2901 1871 2958 leguntur,

0 2380 25 2616 ψυᾱμωυιω
0 2090 21 2373 aurata-“zue-
5 2047 19 2078 ω.
