2094 3140
754 157 898 199 VITA
929 155 1195 199 TERENTI
1228 161 1354 199 2-4.
1861 159 1893 209 5

221 284 349 345 quod
396 285 502 330 erat
548 281 902 342 contemptiore
950 281 1158 340 uestitu,
1207 280 1436 328 subsellio
1484 281 1623 328 iuxta
1661 282 1895 329 lectulum

245 357 432 404 esidens
471 356 662 420 legisse,
701 357 815 417 post
852 370 1033 416 paucos
1074 370 1190 401 uero
1230 370 1400 402 uersus
1438 355 1682 403 inuitatus
1722 359 1779 403 ut
1818 372 1894 404 ac-

220 431 468 479 cumberet
506 445 703 477 cenasse
742 445 861 490 una,
902 427 1015 476 dein
1055 430 1216 475 cetera
1254 429 1614 490 percucurrisse
1654 446 1767 493 non⁸
1793 430 1895 477 sine

219 520 398 568 magna
441 502 640 551 Caecilii
689 503 1028 550 admiratione.
1107 504 1156 549 et
1202 504 1328 550 hanc
1376 505 1543 550 autem
1590 505 1640 551 et
1678 505 1895 565 quinque

217 578 432 639 reliquas
483 576 758 639 aequaliter
810 577 993 638 populo
1047 576 1303 638 probauit,
1359 578 1585 638 quamuis
1635 577 1894 625 Volcatius
1943 595 1962 626 5

218 648 341 714 <in>
381 650 771 698 dinumeratione
812 651 1029 698 omnium
1067 650 1139 696 ita
1180 651 1362 698 scribat

291 720 537 772 esumetur
574 724 769 785 Hecyra
809 726 968 784 sexta,
1007 723 1146 772 exilis
1186 719 1395 771 fabula'.

217 800 481 847 Eunuchus
536 797 733 860 quidem
787 797 861 845 bis
916 797 994 845 die
1049 800 1160 845 acta
1210 801 1284 846 est
1337 799 1615 861 meruitque
1668 799 1897 861 pretium,

218 875 458 935 quantum
507 873 645 919 nulla
700 874 846 919 antea
902 873 1194 934 cuiusquam
1242 872 1512 936 comoedia,
1567 873 1619 919 id
1667 875 1741 920 est
1788 875 1897 920 octo

217 947 357 994 milia
394 962 720 994 nummorum.
789 948 1051 1007 propterea
1092 962 1284 994 summa
1324 963 1520 1008 quoque
1559 947 1709 995 titulo
1749 947 1897 995 ascri·
1923 965 1964 995 10
2030 987 2036 999 ,

217 1021 363 1069 bitur.
433 1019 496 1082 <202
538 1035 564 1065 *
606 1035 632 1064 »ι
674 1035 700 1064 *
742 1016 804 1081 *>
853 1035 970 1067 nam
1016 1020 1355 1082 Adelphorum
1400 1020 1699 1083 principium
1737 1020 1897 1069 Varro

218 1095 370 1142 etiam
407 1095 628 1156 praefert
665 1094 908 1155 principio
948 1095 1218 1142 Menandri.

328 1162 364 1215 4
404 1169 518 1216 Non
551 1168 756 1217 obscura
788 1168 922 1215 fama
954 1171 1028 1215 est
1061 1168 1288 1216 adiutum
1314 1169 1598 1216 Terentium
1626 1168 1677 1215 in
1703 1168 1899 1230 scriptis

222 1258 252 1289 a
291 1242 462 1290 Laelio
511 1244 561 1290 et
602 1242 852 1303 Scipione,
906 1258 1114 1304 eamque
1157 1243 1262 1304 ipse
1311 1242 1448 1290 auxit
1494 1259 1764 1304 numquam
1803 1242 1900 1290 nisi

218 1316 397 1364 leuiter
443 1316 661 1364 refutare
710 1318 940 1377 conatus,
987 1318 1043 1363 ut
1089 1317 1141 1363 in
1179 1317 1385 1380 prologo
1425 1317 1763 1379 Adelphorum
1809 1309 1897 1383 (15
1924 1333 1966 1365 15

219 1394 362 1438 —21

292 1384 435 1512 εῐιεῗῐῑι
475 1463 607 1525 quod
645 1462 731 1511 isti
771 1463 940 1510 dicunt
979 1464 1236 1524 maleuoli,
1275 1464 1496 1513 homines
1535 1464 1724 1512 nobiles

292 1539 421 1585 hunc
462 1538 686 1585 adiutare
726 1537 1018 1598 assidueque
1058 1554 1158 1585 una
1197 1537 1428 1586 scribere:

292 1612 424 1674 quod
462 1612 538 1658 illi
576 1611 894 1659 maledictum
931 1613 1193 1659 uehemens
1228 1627 1330 1660 esse
1371 1612 1677 1674 existimant,

293 1702 401 1734 eam
439 1685 639 1733 laudem
676 1685 755 1732 hic
795 1684 930 1732 ducit
967 1686 1256 1747 maximam,
1296 1702 1446 1749 quom
1483 1686 1584 1735 illis
1622 1688 1810 1749 placet,

337 1905 359 1943 1
394 1900 679 1957 contemptio
713 1900 790 1955 F}
819 1899 994 1944 lectum
1026 1901 1068 1944 V
1086 1903 1100 1958 ΙΙ
1125 1906 1150 1944 2
1183 1914 1344 1945 uersus
1378 1901 1496 1962 <lac
1530 1906 1647 1946 3—4
1672 1901 1794 1961 litt.)
1819 1903 1864 1946 A
1891 1902 1897 1961 Ι

215 1989 467 2048 inuitatus]
507 1971 730 2044 ingitauit
760 1989 805 2033 A
858 1991 872 2046 ΙΙ
926 1993 952 2031 3
985 2002 1175 2048 cenasse
1208 1991 1266 2046 F,
1314 2003 1534 2034 coenasse
1573 1991 1617 2034 V
1669 1991 1674 2048 Ι
1732 1989 1900 2035 deinde

220 2049 398 2105 TFV1
428 2051 613 2093 caetera
645 2049 778 2104 FV1
806 2047 1086 2105 percurrisse
1119 2049 1224 2093 FV
1242 2051 1256 2106 ΙΙ
1280 2055 1307 2093 4
1338 2063 1511 2106 magna
1541 2063 1624 2095 om.
1652 2050 1703 2094 F
1724 2050 1730 2108 Ι
1758 2048 1900 2093 caerii

214 2109 273 2164 A,
308 2107 419 2152 cerii
457 2109 554 2152 TF
564 2109 606 2152 V
649 2108 655 2166 Ι
707 2107 1014 2151 adminitione
1051 2108 1093 2151 Τ
1125 2112 1140 2164 ΙΙ
1179 2111 1205 2151 5
1238 2108 1469 2164 equaliter
1498 2109 1627 2164 ATl
1669 2107 1902 2153 ucleatius

226 2167 278 2223 V,
309 2166 545 2211 uulcatius
570 2167 728 2212 ATF
746 2169 761 2224 ΙΙ
785 2171 811 2210 6
842 2165 892 2209 in
925 2165 1298 2212 dinumeratione
1329 2167 1532 2224 Schopen
1555 2168 1788 2225 (Ritsehz):
1822 2167 1902 2211 de-

216 2225 539 2271 numeratione
572 2228 638 2282 A,
695 2226 752 2269 de
785 2225 1135 2270 enumeratione
1172 2227 1275 2281 TV,
1332 2227 1390 2271 de
1429 2225 1779 2271 enunctiatione
1813 2227 1863 2270 F
1890 2226 1896 2285 Ι

214 2285 284 2329 ita
323 2285 487 2329 scribit
526 2287 578 2330 in
615 2300 700 2344 my.
743 2286 788 2330 V
826 2287 840 2342 ΙΙ
889 2289 913 2328 7
953 2287 1211 2330 sumeretur
1248 2287 1297 2341 T,
1345 2288 1548 2331 sumeret
1580 2286 1631 2330 F
1665 2287 1672 2344 Ι
1712 2286 1798 2344 hec
1829 2283 1902 2329 ira

213 2345 273 2401 A,
303 2344 520 2389 hechirra
554 2345 653 2389 TF
682 2347 688 2401 Ι
724 2344 856 2388 exilis
889 2344 1068 2402 Beryk:
1102 2358 1158 2389 ex
1187 2344 1261 2389 his
1294 2345 1419 2390 codd.
1445 2347 1459 2402 ΙΙ
1491 2350 1517 2389 8
1551 2345 1646 2404 die]
1679 2344 1899 2401 deinceps

214 2404 392 2448 Ritschl
417 2405 424 2462 Ι
450 2404 659 2461 precium
687 2404 733 2448 A
756 2406 771 2461 ΙΙ
796 2409 821 2447 9
853 2409 1031 2459 quanta
1068 2405 1109 2447 Τ
1153 2406 1158 2461 Ι
1201 2403 1432 2460 'cuiusque
1463 2405 1620 2449 ATF
1649 2406 1655 2461 Ι
1691 2402 1902 2448 comedia

215 2463 371 2507 ATF
415 2467 420 2518 Ι
470 2462 521 2507 id
553 2465 625 2508 est
655 2464 738 2508 del.
773 2463 951 2508 Bitschz
995 2466 1009 2520 ΙΙ
1057 2468 1110 2506 11
1144 2465 1226 2508 lac.
1259 2464 1373 2522 siqu.
1408 2465 1542 2519 Wolf
1577 2466 1593 2521 ΙΙ
1641 2468 1695 2507 12
1725 2461 1902 2521 prefert

213 2551 273 2618 A,
303 2551 482 2608 profert
520 2552 559 2596 V
586 2555 591 2608 Ι
626 2551 870 2596 menandri
902 2551 935 2607 (i
967 2565 1022 2596 ex
1053 2566 1079 2596 0
1111 2554 1244 2610 corr.)
1276 2553 1322 2596 A
1360 2555 1375 2610 ΙΙ
1415 2557 1472 2602 14
1501 2552 1612 2598 lelio
1641 2552 1740 2596 TF
1772 2554 1779 2608 Ι
1813 2535 1901 2608 ‚Sci-

214 2623 353 2666 pione
383 2613 430 2655 A
478 2614 486 2668 Ι
536 2625 731 2668 eamque
762 2611 984 2667 Schope‘n:
1027 2625 1230 2704 namlque
1260 2612 1329 2668 A,
1383 2612 1671 2668 eandemque
1707 2611 1859 2657 TFV
1884 2611 1902 2671 ΙΙ

218 2717 270 2756 15
311 2713 539 2773 refutare]
579 2727 628 2758 se
666 2716 821 2760 tutare
859 2714 964 2771 TF,
1011 2727 1060 2759 se
1091 2714 1233 2770 ditari
1264 2717 1394 2772 (corr.
1427 2730 1484 2759 m.
1508 2718 1555 2770 2)
1596 2716 1655 2771 V;
1694 2715 1900 2760 refutare

215 2770 354 2826 <eam
420 2774 646 2820 Dziatzko
702 2775 710 2832 Ι
766 2775 962 2818 conatur
997 2774 1093 2818 TV
1139 2776 1156 2832 ΙΙ
1210 2779 1263 2818 17
1297 2773 1388 2831 ipsi
1418 2775 1573 2819 ATF
1625 2779 1630 2830 Ι
1687 2773 1901 2819 maliuoli

222 2829 318 2874 ΤΡ
419 2835 434 2888 ΙΙ
488 2837 543 2877 18
581 2833 725 2892 hunc]
765 2846 872 2877 eum
913 2833 1095 2877 Terenti
1132 2834 1258 2879 codd.
1299 2839 1340 2878 et
1370 2834 1492 2878 Do‘n.
1526 2834 1616 2878 Ad.
1650 2834 1768 2892 prol.
1793 2837 1855 2878 16
1883 2833 1900 2892 ΙΙ

220 2892 275 2932 19
305 2889 424 2934 uehe
455 2905 585 2936 mens
618 2891 667 2948 (h
690 2906 746 2937 ex
767 2907 791 2935 r
813 2893 944 2948 corr.)
970 2891 1015 2935 A
1037 2893 1052 2949 ΙΙ
1083 2897 1139 2936 20
1170 2891 1282 2936 hinc
1306 2892 1358 2937 F
1381 2894 1397 2950 ΙΙ
1429 2892 1564 2936 duxit
1596 2893 1654 2950 F,
1687 2893 1782 2936 dux
1818 2893 1861 2936 T
1886 2891 1893 2951 Ι

218 2949 377 3008 quom]
407 2950 690 3005 quod-codd.
718 2952 725 3011 Ι
751 2950 939 3008 placeat
974 2951 1072 2995 TF

1924 1704 1967 1735 20
