2072 3146
3 10 18 81 4*

798 138 1153 184 PRAEFATIO.

131 270 262 317 Eun.
276 269 378 316 III
393 271 438 323 1,
450 269 518 314 34
539 267 647 315 ideo
665 267 781 328 quia
794 281 922 314 scor-

534 343 587 388 ta
637 343 754 388 sunt
799 339 924 386 dura

536 415 683 462 coria.
732 431 759 461 a
782 416 924 475 parte

535 503 649 550 ergo
675 489 752 535 sui
772 503 923 535 mere-

534 563 679 609 trices
764 563 925 609 scorta

536 635 777 683 dicuntur.

204 791 231 816 „
305 755 393 802 IV
408 755 454 810 5,
471 757 507 802 ,2
532 754 616 802 3οᾶ
647 755 707 800 ut
736 754 827 800 hoc
851 753 925 814 ip-

538 844 648 875 sum
671 829 771 875 iam
797 842 924 874 erro-

534 903 602 950 ris
671 904 799 949 esset
871 916 926 948 ac

535 976 849 1023 uinolentiae.

205 1132 231 1155 „
308 1095 458 1149 1177,
482 1096 512 1140 6
536 1096 734 1156 proprie
769 1095 925 1141 mani-

533 1169 682 1230 pulus
743 1168 925 1216 milites

535 1245 730 1289 centum
746 1242 926 1290 Roma-

535 1315 823 1364 nietLatini
833 1315 924 1363 sub

534 1406 631 1438 uno
715 1389 925 1438 centuri-

537 1480 642 1525 one⁷
683 1480 739 1511 ex
770 1465 925 1511 mani·

539 1538 656 1600 pulo
732 1538 926 1598 herbae,

533 1627 773 1673 quempro
783 1613 923 1675 signo

536 1686 877 1747 sequebantur.

205 1840 234 1864 „
271 1804 359 1851 IV
375 1806 420 1858 7,
440 1805 509 1851 39
536 1806 585 1852 et
606 1804 748 1852 miles
774 1804 831 1851 de
848 1803 924 1852 his

535 1877 731 1939 officiis,
800 1893 925 1940 quae

535 1968 623 2000 suo
728 1952 923 2000 nomine

535 2027 888 2074 contumeliosa

535 2103 662 2148 sunt.

6 2184 23 2316 ἒ
130 2215 226 2264 Aa.
250 2218 413 2273 1113,
432 2218 502 2265 35
543 2218 611 2266 sic
650 2219 699 2266 θ(
736 2220 788 2265 in
826 2217 926 2265 Eu-

19 2304 21 2306 ·
537 2291 721 2339 nucho:
762 2294 811 2340 et
840 2307 925 2339 no-

535 2366 804 2413 minatiuus
877 2367 927 2414 et

538 2441 775 2502 septimus
785 2455 925 2488 casus

534 2516 699 2576 potest
736 2529 853 2562 esse.

167 2668 195 2693 „
239 2631 405 2688 1114,
425 2634 495 2679 47
533 2632 712 2680 idonea
779 2647 928 2680 causa

535 2705 770 2754 aduersus
783 2706 925 2754 uiuos

59 2783 61 2788 ⁴
75 2723 93 2758 ι
534 2779 758 2828 faciendo
834 2795 925 2841 pro

533 2855 728 2902 mortuo
794 2854 924 2902 scili-

536 2930 627 2976 cet.

1663 137 1807 180 XXXI

1014 268 1064 312 et
1095 265 1279 311 dicitur
1311 266 1525 312 scortum
1550 264 1668 325 quia
1692 268 1809 311 tunc

1089 339 1376 400 aperiuntur
1392 337 1516 385 dura
1533 338 1664 385 coria
1678 338 1810 386 dicta

1090 415 1264 460 scorta.
1296 413 1574 459 meretrices
1600 427 1714 475 ergo
1733 413 1809 460 3111

1090 489 1251 535 scorta
1290 485 1531 533 dicuntur.

1016 754 1099 801 sed
1132 780 1200 787 -—
1243 753 1544 800 uinolentiae
1585 766 1808 798 accumu-

1090 828 1224 875 latio.

1016 1095 1216 1155 proprie
1254 1092 1537 1155 manipulus
1577 1094 1652 1140 est
1682 1093 1810 1139 mili-

1090 1170 1177 1216 tis:
1202 1183 1312 1215 cum
1335 1167 1546 1215 Romani
1570 1170 1620 1214 et
1642 1166 1812 1214 Latini

1092 1242 1180 1290 sub
1207 1257 1302 1289 uno
1328 1242 1610 1289 centurione
1626 1240 1812 1288 bellum

1092 1316 1371 1379 aggressuri
1428 1314 1810 1377 deputabantur,

1089 1390 1183 1438 sibi
1221 1389 1299 1436 1111
1338 1390 1520 1437 sertam
1557 1389 1638 1436 uel
1677 1403 1810 1436 coro-

1089 1479 1204 1510 nam
1237 1479 1292 1511 ex
1323 1463 1578 1525 manipulo
1609 1462 1689 1511 vel
1714 1462 1811 1510 alio

1088 1538 1233 1585 huius
1285 1537 1420 1585 modi
1474 1536 1812 1597 conficiebant⁷

1090 1627 1214 1673 quae
1281 1627 1371 1673 pro
1441 1611 1581 1674 signo
1643 1626 1812 1672 seque-

1088 1686 1281 1733 bantur.

1014 1804 1156 1853 miles
1181 1804 1530 1853 contumeliose
1554 1802 1694 1850 dixit.
1750 1803 1811 1850 ab

1089 1879 1165 1927 his
1205 1879 1336 1927 enim
1375 1877 1564 1939 officiis,
1605 1879 1693 1939 qui
1723 1892 1811 1924 suo

1089 1953 1286 2001 nomine
1310 1951 1524 2000 uocandi
1540 1953 1670 2012 sunt,
1695 1950 1812 1998 data

1088 2027 1331 2076 uocabula
1340 2025 1693 2074 contumeliosa
1702 2041 1811 2073 cen-

1089 2103 1270 2150 sentur.

1016 2221 1086 2268 sic
1134 2221 1184 2266 et
1220 2219 1273 2265 in
1311 2218 1549 2266 Eunucho
1589 2212 1720 2265 ‘eum
1759 2233 1809 2265 se

1090 2292 1303 2340 intendit
1342 2308 1469 2354 esse,
1514 2293 1571 2339 ut
1617 2294 1691 2339 est
1729 2291 1811 2339 de-

1089 2361 1295 2415 mentia'
1307 2360 1383 2434 (2).
1409 2369 1459 2414 et
1474 2365 1810 2414 nominatiuus

1090 2456 1230 2489 casus
1254 2442 1418 2504 potest
1442 2455 1544 2488 esse
1570 2443 1619 2488 et
1647 2439 1811 2487 abla-

1088 2515 1267 2563 tiuus.

1014 2633 1194 2681 idonea
1205 2660 1278 2666 ——
1292 2635 1434 2681 uiuos
1453 2631 1810 2694 querimoniam

1091 2707 1316 2756 faciendo
1347 2734 1421 2740 —
1452 2705 1651 2755 scilicet.
