2094 3140
106 536 213 584 254

106 757 214 804 255

105 905 215 951 256

248 118 356 170 322
760 116 991 161 DONATI
1023 117 1415 162 COMMENTVM

247 244 332 290 ille
383 238 535 304 eapud
585 244 799 290 saeclum
847 237 1004 303 prius’
1057 236 1120 308 (v.
1166 236 1257 308 15)
1308 243 1481 290 fuerat.
1622 245 1650 289 2
1704 243 1773 290 Et
1820 244 1933 291 uide

248 315 660 378 quemadmodum
697 316 1007 363 inliberalem
1045 317 1203 362 uitam
1237 317 1514 365 honestiore
1544 317 1742 364 nomine
1773 318 1932 379 primo
1960 364 1984 381 Δ

249 386 552 452 ‘aucupium'
605 384 668 456 (v.
706 383 823 455 16),
881 391 994 451 post
1049 389 1199 436 etiam
1255 385 1549 451 ‘quaestum’
1603 392 1935 438 nominauerit

251 462 607 527 ρωποκάπηλος
647 462 918 524 impudens.

363 531 437 584 23
480 551 665 585 SCITVM
696 553 744 583 H.
778 551 1015 582 HOMINEM
1052 536 1174 583 mire
1207 537 1462 584 Terentius
1502 538 1678 600 longae
1719 538 1932 584 orationi
1979 553 1998 586 5

246 611 546 671 interloquia
570 610 812 672 quaedam
837 609 1050 670 adhibet,
1077 612 1134 656 ut
1157 610 1413 657 fastidium
1436 611 1738 672 prolixitatis
1764 612 1932 672 enitet,

247 686 385 732 uelut
408 699 537 731 nunc
560 684 799 730 Parmeno
824 684 995 744 procul
1017 683 1219 730 audiens
1238 683 1545 731 Gnathonem
1561 685 1681 732 haec
1697 681 1929 746 loquitur.

362 752 437 805 24
485 771 827 804 INTEREALOCI
865 755 989 803 (luae
1028 758 1195 818 partes
1236 757 1470 805 orationis
1502 773 1613 805 cum
1645 759 1932 806 coniunctae

247 847 396 879 unam
435 831 654 890 fecerint,
691 831 888 876 mut-ant
927 832 1191 877 accentum.

362 899 434 951 25
487 907 513 951 1
567 918 903 952 CONCVRRVNT
949 917 1103 950 LAETI
1147 919 1262 951 Mun
1310 918 1503 952 OBVIAM
1558 907 1607 952 et
1652 905 1834 952 multos
1882 907 1931 952 et
1955 921 1998 953 10

246 993 479 1040 properos
530 993 627 1025 uno
678 977 828 1024 uerbo
880 977 1094 1024 ostendit
1145 979 1194 1025 et
1244 994 1300 1025 ex
1351 978 1542 1026 diuerso
1591 978 1652 1025 ad
1700 994 1750 1026 se
1796 977 1930 1026 festi-

247 1055 433 1099 nantes.
553 1053 581 1098 2
626 1065 987 1099 CVPPEDINARII
1018 1065 1185 1098 OMNES
1209 1051 1368 1099 Varro
1396 1051 1738 1099 Humanarum
1766 1068 1932 1099 rerum

248 1120 298 1191 (Z.
331 1125 420 1172 IX
453 1126 515 1184 fr.
560 1127 589 1171 1
630 1118 843 1190 Illirsch)
907 1120 1189 1171 ‘Numerius
1237 1124 1468 1186 Equitius
1518 1121 1728 1188 Cuppes'
1768 1125 1932 1187 inquit

247 1194 315 1246 eet
383 1198 579 1246 Manius
643 1199 878 1246 Macellus
956 1198 1197 1261 singulari
1273 1198 1530 1246 latrocinio
1606 1199 1765 1246 multa
1822 1200 1931 1246 loca

243 1272 522 1320 habuerunt
566 1272 760 1320 infesta.
837 1272 913 1319 his
959 1273 1012 1319 in
1059 1272 1286 1319 exsilium
1333 1273 1455 1320 actis
1501 1272 1631 1320 bona
1676 1271 1930 1334 publicata
1956 1288 1997 1320 15

244 1348 372 1406 sunt,
412 1346 553 1394 aedes
593 1346 679 1392 ubi
715 1345 1012 1392 habitabant
1051 1346 1242 1393 dirutae
1283 1361 1404 1407 eque
1442 1361 1499 1393 ea
1529 1346 1739 1407 pecunia
1770 1347 1930 1394 scalae

244 1419 389 1467 deum
436 1421 692 1481 penatium
747 1418 1031 1466 aedificatae
1082 1422 1208 1467 sunt.
1286 1419 1374 1467 ubi
1418 1418 1734 1480 habitabant,
1781 1420 1932 1480 locus,

242 1492 331 1540 ubi
360 1494 587 1541 uenirent
618 1509 687 1554 ea,
719 1509 844 1554 quae
875 1492 1103 1541 uescendi
1135 1508 1282 1541 causa
1311 1493 1365 1539 in
1395 1493 1566 1540 urbem
1598 1495 1738 1540 erant
1762 1494 1927 1541 allata.

241 1567 412 1628 itaque
461 1567 520 1613 ab
568 1567 722 1614 altero
761 1567 1098 1627 Macellum,
1150 1567 1209 1614 ab
1258 1566 1413 1614 altero
1453 1566 1664 1614 Forum
1705 1565 1928 1629 Cuppe-

243 1639 400 1688 dinis
449 1635 786 1702 appellatum'.
904 1641 934 1686 3
985 1654 1301 1688 CVPIDINARII
1340 1654 1508 1687 OMNES
1555 1641 1641 1702 qui
1681 1642 1930 1688 esculenta
1954 1655 1997 1687 20

243 1715 292 1761 et
347 1715 612 1776 poculenta
668 1713 910 1772 uendunt,
970 1729 999 1760 a
1052 1713 1196 1761 rebus
1249 1713 1492 1775 cupidinis
1543 1715 1599 1761 ob
1651 1715 1930 1762 alimentum

362 1830 544 1887 IAEpud
574 1831 626 1874 in
656 1844 741 1887 my.
772 1829 810 1874 Ο
819 1830 833 1854 ¹
861 1830 866 1887 Ι
896 1829 1131 1873 saeculum
1162 1831 1208 1873 Β
1227 1831 1277 1885 V,
1311 1831 1473 1875 sedum
1509 1832 1567 1886 T,
1601 1832 1711 1874 dum
1743 1832 1811 1886 (in
1841 1846 1926 1889 my.

239 1889 446 1991 {Za‘fel
478 1887 624 2004 Ιῗέῆῗξ
642 1888 925 1990 ,ἔξωὲὲέἱῑῖ
943 1887 1101 2003 1¹23}ss
1113 1890 1329 1991 νέπὲὲαέ,
1339 1889 1703 1998 ἱῖὲῗῗὲῗὲἔῗ
1728 1889 1927 1993 ἒότῗέξ·

244 2006 413 2051 ΗΔΡΙΙΟ
452 2007 498 2050 Β
541 2006 808 2064 (Lindenbr.
860 2020 915 2050 em
959 2007 1053 2050 cod.
1098 1965 1292 2062 guma),
1330 1965 1550 2051 η*****
1595 2007 1700 2062 TV,
1744 2020 1827 2051 om.
1871 2007 1927 2062 03

241 2062 523 2122 ῥ’ωποπώλης
561 2066 752 2123 Bentley
804 2066 819 2121 ΙΙ
863 2070 891 2108 4
929 2064 1175 2121 impudens
1215 2065 1437 2110 Rabbow:
1494 2064 1718 2131 inducens
1761 2066 1886 2110 codd.
1913 2067 1927 2122 ΙΙ

242 2139 267 2226 a>
298 2126 375 2227 ἓξ,
395 2124 640 2241 ,ΘΜ
661 2123 1335 2249 ffisse..¹.>fl.02fffluss1
1487 2124 1927 2239 *Trffifflffl

238 2243 300 2298 B,
332 2244 578 2286 occurrunt
615 2242 670 2296 V,
704 2242 895 2285 currunt
929 2241 1015 2285 TO
1050 2244 1055 2294 Ι
1094 2241 1272 2284 l·m1hi
1305 2255 1358 2285 o·
1396 2241 1448 2298 Τ,
1487 2254 1570 2286 om.
1605 2243 1650 2286 Β
1684 2243 1699 2298 ΙΙ
1736 2246 1787 2284 11
1820 2254 1925 2298 pro-

238 2300 365 2357 prios
407 2301 445 2345 G
478 2303 494 2358 ΙΙ
534 2305 587 2344 12
630 2299 920 2357 cupedinarii
961 2300 1063 2355 GV,
1104 2300 1266 2356 cupid·
1305 2301 1406 2345 BT
1436 2302 1442 2357 Ι
1479 2314 1532 2344 o·
1577 2300 1618 2343 T
1649 2302 1654 2356 Ι
1689 2313 1802 2343 uaro
1842 2302 1888 2344 Β
1911 2302 1926 2357 ΙΙ

242 2364 298 2403 13
329 2359 564 2415 aequitius
604 2359 648 2403 V
677 2360 682 2416 Ι
711 2372 850 2415 cupes
882 2359 997 2415 BV,
1028 2373 1198 2416 ruppes
1234 2360 1276 2403 T
1309 2361 1324 2416 ΙΙ
1364 2363 1420 2403 14
1451 2359 1517 2417 et]
1549 2358 1599 2402 in
1634 2359 1676 2402 T
1707 2360 1712 2415 Ι
1739 2358 1924 2402 Manius

240 2425 564 2470 Reitzenstein:
605 2419 828 2469 &manius
867 2426 924 2480 T,
965 2425 1201 2469 romanius
1237 2425 1292 2481 O,
1334 2439 1550 2469 romanus
1582 2425 1629 2468 Β
1646 2423 1706 2476 V;
1754 2422 1799 2467 C.
1833 2423 1925 2467 Ro-

238 2482 423 2527 manius
447 2483 579 2528 Sabb.
610 2484 615 2540 Ι
642 2483 867 2528 Macellus
899 2497 991 2528 om..
1009 2485 1052 2528 T
1073 2485 1079 2540 Ι
1106 2483 1208 2528 loco
1238 2485 1280 2528 T
1298 2486 1313 2541 ΙΙ
1338 2489 1392 2527 15
1423 2483 1707 2540 habuerunt]
1740 2482 1849 2526 hffie
1877 2482 1923 2539 Ο,

239 2542 408 2587 heruci·
447 2544 488 2587 T
510 2544 516 2599 Ι
544 2541 698 2586 exiliis
732 2543 775 2586 Τ
784 2543 822 2587 0
843 2545 848 2599 Ι
876 2542 1001 2586 bona
1025 2547 1134 2599 post
1163 2544 1272 2586 sunt
1310 2543 1362 2596 V,
1393 2542 1446 2586 in
1475 2556 1561 2599 my.
1589 2541 1627 2585 Ο
1650 2542 1655 2597 Ι
1682 2540 1925 2596 publicata

241 2603 314 2659 (ex
343 2601 424 2645 —tis
454 2603 587 2655 corr.)
622 2601 675 2656 Ο,
714 2600 958 2657 puplicata
987 2602 1035 2646 Β
1079 2603 1095 2658 ΙΙ
1143 2606 1196 2645 16
1228 2601 1448 2646 habitant
1478 2602 1524 2646 Β
1556 2602 1602 2657 (t.
1642 2600 1798 2654 lViss.,
1839 2613 1922 2644 om.

239 2666 271 2705 t.
303 2659 507 2716 Sabb.)ll
551 2659 674 2703 irute
709 2660 747 2704 Ο
783 2662 789 2715 Ι
832 2659 1102 2704 scalendum
1136 2660 1172 2704 Ο
1217 2662 1232 2716 ΙΙ
1283 2665 1336 2703 17
1368 2661 1592 2716 penatum
1626 2658 1684 2713 T,
1724 2672 1779 2702 esc
1809 2672 1922 2702 corr.

247 2718 316 2763 V²
343 2721 350 2775 Ι
375 2717 596 2769 habitant
625 2719 672 2762 Β
695 2718 711 2774 ΙΙ
736 2721 790 2761 18
821 2717 922 2784 ubi]
954 2718 1077 2762 unde
1109 2719 1180 2775 Vl
1208 2718 1440 2763 uescenda
1473 2718 1511 2761 Ο
1529 2719 1544 2773 ΙΙ
1570 2721 1622 2760 19
1657 2715 1837 2772 cupidis
1862 2718 1922 2772 B,

241 2776 473 2834 cupidinis
501 2776 682 2832 TCV1,
708 2775 948 2832 cupedinis
973 2776 1042 2821 V²
1072 2779 1087 2834 ΙΙ
1118 2781 1174 2821 20
1207 2777 1470 2834 appellatur
1486 2777 1532 2820 Β
1559 2778 1565 2831 Ι
1595 2774 1856 2831 cupidinari
1875 2775 1924 2831 O,

239 2836 319 2879 -rii
349 2834 435 2891 V2‚‘
463 2834 755 2892 cupedinarii
778 2835 846 2879 V1
871 2837 879 2891 Ι
907 2849 960 2879 o·
991 2836 1034 2879 T
1052 2837 1066 2892 ΙΙ
1092 2841 1144 2879 21
1177 2835 1451 2892 posculenta
1480 2834 1563 2878 TO
1587 2836 1592 2890 Ι
1620 2833 1832 2878 uendunt
1854 2834 1918 2892 Vl
1976 2840 1981 2844 “

241 2895 527 2939 alamentum
560 2893 606 2950 Ο,
640 2893 781 2937 alem·
815 2894 857 2937 T
