2020 3152
783 147 1153 191 PRAEFATIO.
1774 149 1817 191 V

137 275 624 321 Terenzcommentar
654 272 736 320 des
769 266 977 338 Donat’)
1012 273 1410 334 antiquissimum
1442 272 1655 319 codicem
1680 273 1815 319 Pari-

138 350 299 395 sinum
321 344 384 406 A,
421 346 593 413 deinde
625 347 676 393 in
708 346 751 392 X
782 346 951 408 Suppl.
977 346 1102 392 Ann.
1137 346 1305 408 philol.
1340 340 1532 411 (1879)
1562 347 1811 394 662—96

140 416 281 486 (‘Zur
318 419 483 467 Kritik
531 420 612 467 des
656 421 782 467 nach
820 420 990 467 Aelius
1031 420 1254 467 Donatus
1294 421 1569 468 benannten
1611 421 1814 466 Terenz-

137 488 513 559 kommentars')
539 494 753 542 codicem
772 493 1095 541 Oxoniensem
1116 494 1156 541 O
1178 494 1540 542 accuratissime
1558 493 1817 554 descripsit

135 583 399 629 eorumque
445 568 682 615 librorum
729 569 969 630 originem
1015 568 1356 631 investigavit,
1405 568 1556 614 simul
1603 567 1817 614 Bentleii

136 643 439 689 coniecturas
497 636 728 707 (quarum
782 643 1009 704 exiguam
1054 645 1246 703 partem
1292 642 1440 689 habes
1488 641 1619 703 apud
1667 640 1815 688 Stall-

134 716 387 762 baumium
426 715 502 762 III
544 709 820 780 338—40)
870 715 1023 763 edidit
1070 709 1124 781 (1.
1167 732 1202 762 c.
1247 708 1506 780 662sqq.).
1584 715 1721 762 Idem
1768 718 1817 762 et

135 791 187 836 in
226 790 348 836 Mus.
389 790 540 836 Rhen.
578 790 740 836 XXXI
780 783 973 855 (1879)
1016 791 1269 837 370—80
1319 783 1458 855 (‘Zur
1504 789 1671 836 Kritik
1717 789 1818 835 und

137 863 351 926 Exegese
407 863 491 911 der
545 863 878 926 griechischen
934 864 1033 911 und
1078 864 1399 911 lateinischen
1447 863 1816 925 Komikerfrag-

135 932 341 1003 mente’)
382 940 622 1000 corruptis
663 938 956 999 quibusdam
995 940 1256 985 commenti
1294 938 1414 985 locis
1453 937 1694 984 medelam
1734 936 1815 983 ad-

135 1011 298 1058 hibuit
343 1028 498 1072 neque
547 1013 645 1059 alia
685 1014 936 1060 occasione
978 1012 1143 1059 oblata
1183 1012 1494 1075 castigatoris
1535 1011 1694 1058 officio
1735 1010 1816 1057 de-

134 1085 231 1132 fuit
277 1079 360 1151 (cf.
409 1086 646 1134 editiones
694 1086 893 1134 Terenti
943 1087 1105 1147 1874,
1157 1087 1319 1147 1881,
1365 1079 1543 1151 1884).
1594 1112 1666 1116 —
1710 1084 1818 1131 Iam

134 1159 585 1207 commemorandus
647 1162 720 1207 est
779 1160 1082 1222 Remigius
1146 1159 1491 1219 Sabbadini,
1554 1160 1630 1206 cui
1690 1159 1818 1206 hanc

134 1233 400 1281 editionem
438 1234 707 1295 plurimum
745 1233 916 1282 debere
954 1234 1233 1297 gratissimo
1265 1233 1497 1295 profiteor
1529 1232 1705 1280 animo.
1767 1232 1818 1280 Is

135 1308 267 1354 enim
297 1310 563 1369 postquam
593 1309 694 1354 iam
723 1310 775 1354 in
807 1304 994 1355 ‘Museo
1026 1308 1232 1355 italiano
1258 1307 1307 1353 di
1331 1301 1570 1354 antichita
1594 1302 1816 1353 classica’

135 1381 212 1428 III
245 1375 437 1447 (1890)
472 1383 759 1429 381—476
818 1375 1027 1447 (‘Storia
1082 1397 1106 1427 e
1163 1383 1332 1428 critica
1386 1380 1436 1427 di
1491 1381 1654 1427 alcuni
1699 1381 1817 1427 testi

136 1456 303 1504 latini:
342 1456 538 1503 Donato
572 1449 914 1521 Terenziano')
956 1471 1156 1517 operam
1195 1455 1510 1515 studiumque
1548 1455 1600 1500 in
1631 1454 1819 1501 Donati

135 1531 466 1577 commentum
497 1531 722 1590 contulit,
760 1530 930 1592 paucis
962 1531 1075 1590 post
1107 1530 1247 1576 annis
1278 1531 1436 1576 totam
1469 1545 1616 1590 quam
1648 1527 1822 1575 dicunt

136 1605 474 1665 quaestionem
499 1603 774 1651 Donateam
806 1603 1180 1666 diligentissime
1214 1605 1264 1650 et
1294 1603 1607 1665 sagacissime
1635 1603 1816 1649 tracta-

135 1679 210 1724 vit
241 1679 292 1724 in
325 1673 489 1724 ‘Studi
519 1678 716 1725 italiani
748 1677 798 1724 di
821 1677 1042 1740 filologia
1065 1672 1286 1724 classica’
1311 1676 1362 1723 H
1387 1669 1580 1742 (1894)
1602 1676 1815 1723 1-—134

137 1744 225 1816 (³11
272 1754 543 1799 commento
591 1751 641 1798 di
687 1751 884 1799 Donato
934 1768 961 1798 a
1001 1743 1290 1816 Terenzio').
1367 1750 1527 1798 Huius
1575 1765 1817 1797 commen-

98 1877 103 1882 ,
133 1825 339 1872 tationis
372 1825 513 1886 quasi
545 1826 939 1887 supplementum
971 1826 1155 1873 scholia
1179 1825 1406 1872 Donatea
1431 1824 1494 1871 ad
1518 1824 1641 1871 Eun.
1666 1823 1819 1870 I—II

136 1901 381 1962 apparatu
420 1899 588 1947 critico
622 1900 1140 1960 observationibusque
1171 1899 1413 1947 instructa
1445 1898 1598 1945 edidit
1621 1898 1652 1944 1.
1679 1913 1716 1944 6.
1740 1897 1819 1944 III

136 1965 329 2039 (1895)
359 1974 646 2021 249—363
691 1968 816 2040 (eGli
854 1975 993 2022 scolii
1024 1973 1294 2021 Donatiani
1333 1973 1382 2019 ai
1414 1971 1513 2019 due
1543 1971 1690 2034 primi
1724 1971 1819 2018 atti

134 2046 247 2093 dell'
265 2047 468 2095 Eunuco
493 2047 543 2094 di
560 2042 851 2114 Terenzio').
891 2047 1143 2095 Postremo
1161 2046 1524 2094 emendationes
1542 2046 1605 2093 ad
1621 2045 1816 2093 Phorm.

135 2120 286 2167 1—11
325 2122 488 2168 emisit
525 2123 557 2168 1.
591 2137 628 2168 c.
653 2122 700 2168 V
727 2115 918 2186 (1897)
948 2123 1170 2183 289sqq.
1209 2114 1472 2187 (‘Biografi
1513 2135 1536 2167 e
1577 2135 1818 2167 commen-

0 2229 4 2241 1
37 2207 39 2209 ’
134 2196 290 2242 tatori
328 2195 379 2241 di
410 2189 704 2262 Terenzio’).
747 2223 808 2228 —-
851 2195 1112 2244 Praeterea
1150 2195 1210 2242 de
1243 2194 1606 2242 commentariis
1638 2194 1816 2241 Teren-

134 2268 285 2316 tianis
317 2284 406 2330 pro
439 2284 528 2316 sua
561 2271 766 2331 quisque
790 2271 931 2332 parte
954 2269 1075 2317 bene
1100 2269 1265 2316 meriti
1289 2269 1403 2316 sunt
1427 2267 1521 2315 viri
1546 2266 1818 2315 doctissimi

135 2341 208 2389 hi:
239 2342 609 2392 Hermannus
641 2344 866 2392 Usener
898 2337 1061 2410 (‘Vier
1090 2343 1176 2390 lat.
1203 2336 1583 2390 Grammatiker'
1614 2343 1667 2388 in
1690 2341 1816 2388 Mus.

135 2415 287 2463 Rhen.
327 2416 495 2464 XXIII
536 2412 725 2482 [1868]
768 2410 1038 2483 493sqq.),
1092 2415 1420 2464 Guilelmus
1466 2415 1636 2462 Hahn
1676 2407 1820 2481 (‘Zur

135 2489 751 2554 Entstehungsgeschichte
783 2492 868 2539 der
902 2490 1127 2539 Scholien
1160 2490 1242 2538 des
1274 2489 1442 2537 Donat
1473 2505 1582 2536 zum
1614 2483 1817 2536 Terenz’

134 2563 162 2610 I
197 2564 354 2625 1870,
400 2564 451 2611 Π
485 2559 668 2632 1872),
720 2565 1028 2629 Augustus
1075 2564 1302 2612 Teuber
1355 2557 1474 2630 (‘De
1523 2563 1817 2610 auctoritate

135 2639 522 2686 commentorum
560 2640 613 2686 in
645 2640 930 2687 Terentium
961 2654 1086 2701 quae
1119 2637 1207 2686 sub
1239 2637 1372 2684 Aelii
1403 2636 1588 2684 Donati
1619 2636 1817 2684 nomine

135 2708 563 2759 circumferuntur'
599 2714 737 2761 1881
781 2715 831 2761 et
870 2709 987 2760 Zur
1019 2712 1187 2762 Kritik
1225 2711 1310 2758 der
1341 2709 1817 2758 Terentiusscholien

137 2782 221 2831 des
251 2781 495 2835 Donatus'
526 2787 579 2834 in
609 2786 737 2834 Α1111
760 2787 931 2850 philol.
960 2787 1118 2847 1891,
1151 2786 1330 2832 353—
1262 2777 1445 2850 —,67)
1475 2783 1817 2831 Fridericus

136 2854 251 2905 Leo
299 2851 436 2924 (Die
473 2848 850 2924 Uberlieferung
895 2859 981 2907 der
1025 2858 1358 2908 terenzischen
1395 2857 1668 2905 Komodien
1715 2856 1817 2903 und

137 2927 226 2977 dex
277 2929 590 2982 Commentar
649 2933 734 2982 des
786 2928 1030 2982 Donatus’
1084 2934 1137 2980 in
1189 2931 1315 2980 Mus.
1363 2931 1516 2979 Rhen.
1556 2929 1819 2979 XXXVIII
1850 2927 1859 2935 ’
