2094 3140
700 136 1047 181 EVANTHIVS
1078 137 1119 179 Π
1145 142 1271 179 2-7.
1756 141 1818 190 17

146 264 359 324 sumpsit
399 262 674 321 exordium,
723 277 847 322 quae
896 277 924 308 a
963 261 1165 323 satyris,
1213 276 1333 322 quos
1380 262 1432 307 in
1470 261 1588 309 iocis
1633 278 1822 324 semper

147 353 203 385 ac
243 336 529 398 petulantiis
577 335 691 383 deos
731 336 910 382 scimus
952 350 1076 395 esse,
1123 334 1347 382 uocitata
1387 336 1481 394 est,
1533 336 1624 382 etsi
1663 332 1821 399 (alii)

148 411 343 458 aliunde
383 426 559 457 nomen
605 424 757 470 praue
804 411 985 470 putant
1030 409 1221 456 habere.
1298 409 1418 456 haec
1462 411 1630 470 satyra
1669 410 1822 472 igitur

145 483 383 533 eiusmodi
429 484 548 543 fuit,
602 486 658 529 ut
702 483 754 529 in
802 498 860 529 ea
906 482 1133 544 quamuis
1180 483 1303 530 duro
1359 484 1409 529 et
1453 483 1593 530 uelut
1639 485 1822 546 agresti

145 560 251 606 ioco
298 557 356 603 de
403 557 539 604 uitiis
587 556 790 616 ciuium,
845 559 1011 604 tamen
1066 556 1168 603 sine
1222 556 1323 603 ullo
1377 556 1564 617 proprii
1609 557 1819 605 nominis
1866 574 1886 606 5

145 632 315 691 titulo,
355 646 550 678 carmen
589 632 729 678 esset.
801 630 931 691 quod
969 630 1099 676 idem
1137 646 1291 693 genus
1332 630 1610 678 comoediae
1648 631 1819 679 multis

142 705 284 753 offuit
307 705 480 766 poetis,
505 720 618 752 cum
641 705 693 751 in
710 704 1038 765 suspicionem
1053 704 1336 764 potentibus
1355 703 1536 751 ciuium
1556 704 1820 765 uenissent,

142 779 342 826 illorum
366 779 500 826 facta
532 778 842 839 descripsisse
873 778 926 824 in
949 777 1086 838 peius
1120 793 1176 824 ac
1202 778 1498 826 deformasse
1524 794 1678 841 genus
1705 779 1818 827 stilo

143 852 385 901 carminis.
449 852 578 914 quod
610 853 796 914 primus
828 851 1047 899 Lucilius
1079 867 1207 898 nouo
1241 852 1531 913 conscripsit
1563 851 1723 912 modO,
1762 856 1820 900 ut

139 927 312 988 poesin
350 925 463 973 inde
503 926 712 986 fecisset,
751 925 801 972 id
834 928 907 973 est
938 926 1086 972 unius
1119 926 1346 973 carminis
1385 925 1621 987 plurimos
1653 926 1816 975 libros.
1843 945 1886 975 10

254 1001 282 1047 6
324 1001 416 1047 hoc
447 1001 600 1063 igitur
640 999 771 1062 quod
810 1015 960 1061 supra
999 999 1208 1047 diximus
1239 1000 1370 1047 malo
1403 1000 1560 1047 coacti
1591 1000 1817 1048 omittere

139 1076 362 1136 satyram
385 1074 522 1121 aliud
547 1089 699 1136 genus
724 1074 952 1121 carminis
978 1071 1095 1121 νέαν
1122 1073 1400 1142 κωμῳδίαν,
1423 1074 1515 1121 hoc
1539 1076 1614 1121 est
1635 1089 1818 1122 nouam

141 1148 464 1208 comoediam,
510 1164 766 1210 repperere
812 1150 1008 1210 poetae,
1064 1163 1188 1209 quae
1236 1149 1526 1211 argumento
1574 1148 1819 1195 communi

139 1223 297 1285 magis
346 1231 395 1270 et
432 1222 728 1286 generaliter
774 1221 837 1268 ad
877 1237 1042 1269 omnes
1080 1221 1321 1281 homines,
1368 1221 1455 1285 qui
1493 1221 1816 1270 mediocribus

138 1297 350 1345 fortunis
399 1299 579 1359 agunt,
626 1296 896 1358 pertineret
941 1298 990 1343 et
1035 1296 1197 1342 minus
1238 1295 1581 1343 amaritudinis
1628 1299 1815 1357 specta·
1842 1313 1882 1345 15

138 1370 329 1418 toribus
369 1372 419 1417 et
458 1369 628 1418 eadem
659 1385 808 1432 opera
839 1370 1052 1416 multum
1083 1369 1421 1416 delectationis
1455 1369 1666 1430 afferret,
1706 1385 1815 1417 con-

138 1444 284 1492 cinna
331 1446 642 1506 argumento,
690 1443 1029 1491 consuetudini
1077 1458 1312 1506 congrua,
1362 1442 1498 1490 utilis
1546 1444 1816 1503 sententiis,

139 1521 284 1580 grata
323 1518 522 1578 salibus,
561 1520 680 1579 apta
716 1520 886 1564 metro.

254 1593 281 1638 7
339 1594 398 1638 ut
443 1591 597 1654 igitur
635 1591 905 1652 superiores
946 1591 1061 1637 illae
1102 1591 1201 1638 suis
1242 1605 1465 1655 quaeque
1505 1590 1816 1639 celebrantur

138 1665 447 1726 auctoribus,
486 1665 559 1713 ita
596 1665 716 1712 haec
754 1662 839 1713 νέα
878 1663 1108 1732 κωμῳδία
1147 1680 1257 1712 cum
1294 1665 1566 1712 multorum
1605 1668 1719 1713 ante
1759 1682 1814 1714 ac
1840 1683 1882 1713 20

259 1826 280 1863 1
316 1819 470 1863 satiris
508 1819 592 1864 TC
631 1822 637 1876 Ι
678 1819 727 1863 in
758 1819 893 1878 iocis]
924 1819 974 1863 in
1004 1819 1119 1863 locis
1154 1819 1264 1875 CV,
1294 1819 1345 1863 in
1375 1819 1485 1864 lotis
1514 1821 1572 1874 T,
1604 1819 1653 1863 in
1685 1821 1813 1865 uocis

137 1881 206 1935 (in
236 1894 320 1937 my.
355 1878 412 1923 al.
445 1878 617 1923 inlotos
648 1879 838 1936 Daniel)
865 1880 911 1922 A
955 1881 970 1936 ΙΙ
1017 1883 1042 1922 2
1074 1878 1412 1939 (agrestibus)
1446 1893 1500 1923 ac
1532 1880 1576 1923 V
1619 1882 1626 1935 Ι
1681 1882 1815 1936 petu-

134 1937 285 1982 lantes
317 1939 459 1992 codd„
491 1952 603 1983 corr.
628 1938 722 1982 Leo
765 1939 771 1997 Ι
813 1937 1022 1982 uocitata
1054 1939 1122 1994 (in
1144 1953 1231 1996 my.
1255 1938 1332 1982 uel
1355 1937 1547 1982 initiata
1576 1954 1633 1983 m.
1657 1941 1705 1996 2)
1739 1939 1809 1998 Vl

136 1999 218 2041 etsi
256 1997 294 2042 0
331 1999 337 2055 Ι
380 1997 463 2041 alii
496 2002 597 2053 post
618 1999 789 2054 putant
819 1998 924 2042 add.
951 1998 1002 2041 F
1027 1999 1216 2054 (tran-sp.
1249 1999 1351 2055 W.)‚
1384 2012 1465 2042 om.
1490 1998 1584 2043 rell.
1620 1999 1636 2054 ΙΙ
1673 2003 1700 2041 3
1731 1998 1814 2042 ha-

134 2056 245 2101 bere
277 2057 328 2112 V,
353 2071 436 2102 om.
460 2057 556 2101 rell.
599 2059 605 2114 Ι
646 2057 734 2101 hoc
759 2057 816 2112 F,
841 2057 956 2101 haec
980 2056 1173 2116 (quae)
1206 2057 1277 2115 V}
1313 2056 1459 2101 satira
1486 2057 1573 2101 TC
1603 2057 1610 2113 Ι
1647 2057 1813 2116 igitur]

136 2115 308 2160 dicitur
342 2115 542 2160 TFCV
564 2117 579 2173 ΙΙ
613 2120 639 2159 5
670 2115 793 2175 ioco]
823 2116 960 2160 modo
997 2116 1138 2160 TFG
1150 2117 1194 2159 V
1223 2119 1228 2173 Ι
1266 2115 1453 2160 nomine
1482 2116 1568 2160 TO
1600 2117 1615 2173 ΙΙ
1654 2121 1679 2159 6
1712 2130 1813 2160 esse

135 2174 176 2218 0
213 2177 220 2231 Ι
256 2174 371 2219 item
402 2176 470 2233 (in
500 2190 585 2232 my.
617 2174 771 2232 ipsum
801 2190 858 2220 m.
882 2177 930 2233 2)
962 2175 1014 2230 V,
1045 2174 1115 2219 ita
1140 2175 1191 2218 F
1222 2178 1229 2233 1
1266 2174 1441 2218 multus
1466 2177 1511 2220 A
1548 2177 1563 2231 ΙΙ
1603 2180 1627 2219 7
1660 2175 1814 2219 obfuit

138 2234 336 2280 TFGV
372 2235 378 2291 Ι
419 2233 469 2278 in
502 2249 587 2279 om.
614 2235 665 2278 F
700 2237 706 2291 Ι
748 2233 1109 2291 suspicationem
1139 2234 1190 2278 F
1227 2235 1233 2291 Ι
1276 2233 1469 2292 ciuium]
1502 2233 1682 2278 ciuibus
1718 2234 1818 2278 TF

135 2293 176 2337 G
187 2293 232 2337 V
257 2294 430 2351 (Reiff.)
468 2295 475 2350 Ι
514 2293 721 2338 uenisset
756 2295 797 2337 Τ
830 2298 845 2351 ΙΙ
883 2297 908 2336 8
941 2292 1230 2349 rescripsisse
1267 2292 1351 2336 TC
1364 2293 1415 2348 V,
1452 2292 1690 2350 scripsisse
1722 2293 1774 2337 F
1801 2293 1806 2352 Ι

131 2363 181 2451 gij
213 2396 277 2442 0¹
326 2399 332 2454 Ι
380 2395 431 2440 in
453 2422 511 2430 —
535 2395 818 2441 deformasse
847 2411 931 2441 om.
965 2397 1015 2440 F
1053 2399 1069 2454 ΙΙ
1121 2402 1145 2441 9
1178 2396 1326 2454 primo
1362 2396 1504 2441 TFC
1517 2397 1555 2440 V
1604 2398 1609 2455 Ι
1658 2395 1810 2440 Lucil-

133 2454 223 2500 lius
258 2456 364 2511 TO,
394 2455 595 2499 Lutilius
627 2456 678 2500 F
717 2459 733 2513 ΙΙ
781 2461 835 2500 10
866 2456 1043 2513 poesim
1075 2457 1125 2512 V,
1156 2455 1287 2513 poesi
1322 2456 1363 2499 T
1396 2458 1412 2512 ΙΙ
1460 2461 1512 2499 11
1546 2454 1810 2501 ammittere

135 2514 187 2558 F
225 2517 240 2573 ΙΙ
288 2520 341 2559 12
374 2514 567 2559 satiram
598 2515 745 2561 ATG
782 2519 787 2570 Ι
833 2516 1352 2561 mean-nmmum&
1378 2517 1437 2568 A,
1472 2530 1499 2559 *
1523 2529 1552 2559 *
1573 2528 1603 2560 *
1625 2529 1654 2560 *
1678 2529 1706 2558 *
1728 2529 1758 2560 *
1781 2530 1810 2557 *

138 2574 337 2618 TFOV
369 2576 375 2631 Ι
415 2579 562 2627 nouas
593 2573 826 2628 comedias
859 2574 896 2618 Ο
937 2575 952 2631 ΙΙ
999 2579 1053 2618 13
1084 2573 1313 2631 reperiere
1353 2574 1467 2630 TF,
1498 2577 1726 2631 reperiere
1760 2573 1807 2629 G,

132 2633 444 2690 reperirentur
467 2634 514 2678 A
549 2635 565 2691 ΙΙ
605 2639 659 2678 14
691 2633 908 2691 generale
933 2634 984 2678 F
1019 2637 1025 2691 Ι
1067 2634 1148 2689 qui
1172 2636 1238 2689 A,
1269 2647 1374 2678 δεον.
1407 2633 1488 2688 V2,
1520 2647 1603 2677 om.
1632 2632 1776 2677 TFG
1800 2633 1805 2692 Ι

134 2695 191 2735 15
221 2691 455 2749 pertinetz
486 2693 531 2737 A
575 2695 591 2752 ΙΙ
645 2698 699 2737 16
731 2695 779 2738 et
815 2707 897 2738 om.
937 2693 979 2737 T
1013 2695 1020 2749 Ι
1065 2692 1219 2736 inultu
1250 2695 1295 2737 A
1345 2694 1350 2748 Ι
1400 2691 1715 2736 dilectationis
1796 2729 1807 2747 ,

135 2749 398 2796 dilectionis
432 2750 470 2796 G
482 2752 533 2807 V,
565 2751 724 2796 diltffi‘s
759 2753 801 2796 Τ
819 2754 834 2810 ΙΙ
859 2757 913 2796 17
946 2751 1202 2797 sententius
1227 2754 1293 2807 A,
1326 2750 1436 2795 smis
1466 2753 1507 2796 T
1523 2753 1538 2807 ΙΙ
1564 2755 1617 2795 19
1641 2749 1806 2810 igitur]

136 2807 307 2853 dicitur
333 2810 525 2855 TFGV
558 2818 563 2855 Ι
604 2810 690 2855 illa
713 2811 764 2855 F
792 2813 799 2868 Ι
835 2809 1192 2855 celebrabantur
1218 2811 1256 2855 G
1268 2811 1320 2865 V,
1344 2810 1482 2854 -bant
1506 2809 1557 2854 F
1572 2812 1588 2867 ΙΙ
1611 2814 1668 2854 20
1700 2823 1807 2854 ·ne-

135 2867 544 2915 ὰΝ·ΚωΜωΙΛΙὰ
576 2871 641 2927 A,
673 2884 921 2915 ******
954 2870 1067 2926 FV,
1105 2884 1188 2914 om.
1227 2869 1313 2914 TC
1349 2871 1355 2925 Ι
1405 2871 1514 2913 ante
1544 2868 1634 2913 hac
1663 2869 1805 2922 codd„

132 2939 245 2971 corr.
276 2925 477 2984 Sehopen

224 3008 366 3041 Donati
388 3018 519 3042 comm.
542 3019 614 3043 ree.
636 3010 870 3044 Weuner.
1514 3005 1540 3043 2
