2094 3140
280 120 422 164 XLVI
933 120 1285 164 PRAEFATIO.

282 263 373 306 que
420 247 558 294 varia
595 248 981 307 temptaverunt,
1028 249 1084 293 ut
1121 262 1223 293 rem
1262 247 1580 307 explicarent,
1627 234 1749 307 quae
1790 248 1953 293 omnia

278 321 457 367 referre
498 323 546 367 et
583 320 784 383 longum
825 322 897 366 est
937 322 985 366 et
1023 335 1449 380 supervacaneum,
1489 336 1598 366 cum
1638 320 1952 382 diligentissi-

281 411 412 440 mam
458 394 723 442 habeamus
765 393 1053 440 Sabbadinii
1092 394 1487 454 disputationem.
1567 393 1720 449 Quem
1758 395 1952 454 potissi-

280 484 414 514 mum
469 470 659 514 secutus
707 469 775 515 sic
820 467 941 513 mihi
987 483 1090 513 rem
1137 468 1407 527 composui:
1462 470 1725 529 genuinum
1771 467 1954 514 Donati

281 545 607 588 commentum
651 541 702 587 in
750 541 955 587 duorum
1005 543 1339 601 excerptorum
1392 556 1564 588 manus
1617 541 1813 601 incidit,
1870 542 1955 601 qui

282 619 474 663 servato
530 617 741 662 auctoris
796 616 991 661 nomine
1047 615 1230 661 scholia
1284 616 1549 661 maximam
1601 617 1790 675 partem
1843 615 1953 675 plus

280 691 501 737 minusve
540 689 891 735 transformata
930 690 981 734 in
1014 689 1420 734 Terentianorum
1461 688 1679 735 codicum
1710 690 1953 750 margines

281 764 653 810 transtulerunt.
716 762 1010 808 Procedente
1049 764 1267 823 tempore
1308 763 1483 822 evenit,
1523 764 1579 807 ut
1609 764 1773 808 variae
1807 762 1952 808 adno-

280 839 492 884 tationes
540 836 757 883 diversae
805 837 1006 898 originis
1052 837 1152 883 sive
1193 835 1252 882 ab
1291 837 1411 896 ipsis
1453 835 1812 896 excerptoribus
1853 837 1953 882 sive

283 911 343 958 ab
391 912 500 958 aliis
541 911 858 956 adicerentur.
938 910 1063 955 Tum
1102 911 1235 956 sexto
1276 909 1469 956 saeculo
1509 911 1669 956 nescio
1711 911 1818 970 quis
1859 909 1954 956 duo

280 986 369 1032 illa
416 985 708 1032 scholiorum
755 998 958 1044 corpora
1005 983 1267 1030 admodum
1315 986 1457 1030 aucta
1502 985 1554 1029 in
1594 1000 1743 1029 unum
1783 999 1954 1045 cogere

279 1059 471 1106 studuit
511 1061 657 1118 atque
695 1074 798 1104 rem
836 1058 909 1103 ita
947 1058 1178 1117 instituit,
1217 1058 1276 1103 ut
1312 1059 1524 1118 primum
1563 1057 1780 1119 singulos
1820 1057 1954 1104 scho-

281 1133 459 1179 liorum
507 1132 697 1179 ordines
743 1132 871 1178 binis
920 1131 1156 1178 columnis
1204 1132 1342 1177 iuxta
1386 1131 1560 1191 positis
1614 1146 1668 1178 ex
1709 1130 1954 1178 codicibus

279 1207 640 1266 transcriberet,
665 1205 835 1252 deinde
854 1205 1258 1252 Terentianorum
1282 1220 1511 1251 versuum
1528 1205 1747 1251 ordinem
1763 1205 1954 1252 secutus

282 1280 620 1339 confunderet,
659 1279 710 1325 id
750 1279 880 1340 quod
921 1278 965 1325 ei
1002 1294 1101 1326 non
1133 1294 1321 1339 semper
1354 1278 1573 1340 contigit.
1639 1277 1795 1324 Simul
1827 1293 1954 1325 com-

279 1356 513 1402 missuras
554 1369 701 1414 quam
738 1353 947 1399 maxime
988 1353 1230 1399 occultare
1271 1355 1471 1399 conatus
1512 1354 1597 1412 est,
1637 1355 1693 1399 ut
1730 1353 1873 1399 unius
1906 1355 1955 1407 et

282 1428 517 1490 simplicis
557 1426 717 1488 operis
756 1427 965 1487 speciem
1004 1426 1236 1486 efficeret3
1274 1427 1481 1487 fortasse
1521 1427 1669 1472 etiam
1708 1426 1806 1472 alia
1835 1440 1953 1473 non-

281 1503 419 1548 nulla
459 1501 516 1548 de
556 1516 642 1548 suo
683 1500 884 1546 addidit.
950 1498 1253 1560 Compilator
1290 1516 1404 1547 vero
1446 1495 1575 1546 ‘cum
1603 1515 1691 1560 per
1722 1501 1956 1560 quattuor

286 1572 386 1639 [vel
419 1576 647 1635 quinque,
679 1575 864 1621 scilicet
894 1572 1044 1619 Andr.
1079 1574 1200 1620 Eun.
1226 1573 1402 1620 Heaut.
1428 1573 1519 1620 Ad.
1544 1573 1684 1633 Hec.3
1725 1574 1783 1620 cf.
1809 1588 1955 1634 supra

283 1648 314 1710 ἓ
349 1645 468 1712 5,1]
509 1648 702 1695 fabulas
739 1647 791 1693 id
830 1647 1008 1710 egisset
1039 1647 1220 1707 sedulo,
1258 1650 1315 1693 ut
1346 1648 1465 1694 duos
1499 1641 1872 1695 commentarios
1903 1647 1955 1692 in

282 1739 434 1770 unum
473 1723 784 1769 concinnaret
823 1723 870 1769 et
903 1723 1271 1781 contaminaret,
1309 1723 1360 1767 in
1391 1721 1699 1768 Phormionis
1731 1720 1782 1767 II
1808 1722 1837 1768 3
1872 1720 1954 1767 ab-

281 1799 409 1844 iecta
455 1796 615 1844 subito
661 1796 904 1843 industria
942 1796 1158 1858 integros
1197 1795 1383 1856 posuit,
1428 1796 1638 1856 primum
1680 1795 1886 1842 alterum
1925 1809 1954 1840 a

282 1887 327 1918 v.
357 1872 382 1917 7
427 1863 564 1935 (nam
608 1871 703 1917 huc
741 1884 892 1931 usque
933 1870 1254 1916 contaminati
1292 1862 1428 1933 sunt)
1470 1868 1532 1915 ad
1570 1885 1614 1915 v.
1643 1869 1732 1922 93,
1781 1867 1954 1914 deinde

285 1945 493 1991 alterum
541 1959 569 1990 a
614 1960 656 1991 v.
693 1944 721 1990 5
773 1943 834 1990 ad
879 1959 923 1990 v.
963 1944 1051 2002 933
1100 1942 1272 1990 dehinc
1320 1945 1484 1989 autem
1523 1957 1646 2003 quae
1687 1943 1956 2002 sequuntur

284 2018 469 2065 scholia
514 2033 666 2078 usque
714 2017 775 2063 ad
819 2016 964 2063 finem
1009 2016 1227 2077 fabulae,
1279 2032 1335 2063 ea
1380 2017 1452 2062 ita
1499 2017 1780 2076 comparata
1827 2017 1954 2074 sunt,

283 2094 340 2138 ut
376 2108 527 2138 unum
565 2091 967 2139 commentarium
999 2089 1220 2137 adhiberi
1247 2091 1518 2152 intellegas.
1582 2089 1739 2145 Quare
1771 2090 1956 2136 certum

284 2167 358 2212 est
395 2165 700 2212 Phormionis
741 2167 1067 2212 commentum
1105 2164 1252 2212 fuisse
1292 2165 1536 2225 ultimum,
1577 2163 1638 2210 ad
1676 2162 1807 2224 quod
1846 2178 1955 2209 cum

282 2240 582 2300 pervenisset
625 2239 936 2300 compilator,
981 2238 1180 2285 fastidio
1221 2239 1452 2299 concepto
1493 2238 1769 2284 destituerit
1808 2251 1956 2297 quam

284 2328 436 2373 usque
469 2311 668 2360 dederat
699 2308 916 2374 operam’
949 2305 1190 2377 (Rabbow
1213 2329 1258 2372 p.
1287 2313 1407 2371 331,
1439 2311 1525 2373 qui
1548 2326 1672 2372 quae
1695 2311 1747 2357 in
1769 2309 1952 2371 period.

283 2386 403 2447 phil.
442 2386 654 2433 Berolin.
691 2387 854 2446 1895,
908 2387 1012 2433 427
1062 2387 1283 2447 exposui,
1335 2400 1433 2433 non
1485 2387 1614 2432 recte
1659 2383 1954 2431 intellexisse

283 2453 515 2525 videtur).
598 2459 742 2507 Hinc.
779 2460 932 2522 igitur
983 2459 1407 2507 numerosissimae
1459 2458 1576 2505 illae
1623 2457 1954 2518 repetitiones,

283 2533 398 2580 hinc
437 2547 779 2595 saepenumero
818 2529 1132 2594 perturbatus
1173 2533 1465 2580 scholiorum
1497 2531 1628 2591 ordo,
1666 2531 1778 2578 hinc
1808 2545 1953 2591 porro

283 2608 411 2653 mira
454 2607 543 2653 illa
589 2606 650 2654 ad
687 2606 881 2654 Phorm.
914 2607 964 2654 Π
991 2608 1019 2654 3
1069 2607 1330 2655 commenti
1370 2606 1550 2670 forma,
1594 2604 1707 2652 hinc
1745 2604 1952 2664 denique

285 2680 584 2728 rarescentia
623 2680 685 2727 ad
723 2681 917 2728 Phorm.
949 2680 1146 2727 III—V
1185 2679 1390 2728 scholia!

394 2753 500 2800 Iam
539 2755 581 2800 si
621 2756 885 2815 quaeritur,
922 2771 1039 2800 num
1077 2754 1183 2800 fieri
1220 2754 1388 2816 possit,
1427 2754 1484 2798 ut
1522 2751 1689 2813 aliqua
1727 2767 1784 2798 ex
1814 2752 1953 2812 parte

244 2887 252 2893 .
287 2829 553 2890 genuinum
591 2827 775 2874 Donati
814 2830 1141 2875 commentum
1176 2843 1232 2874 ex
1261 2827 1353 2874 hac
1385 2826 1677 2874 scholiorum
1706 2825 1954 2888 farragine

288 2901 534 2961 eliciatur,
588 2901 813 2963 equidem
855 2901 948 2948 hoc
992 2917 1089 2948 non
1134 2915 1358 2962 prorsum
1401 2900 1703 2963 negaverim,
1748 2898 1832 2946 sed
1877 2913 1952 2946 res
