2094 3140
845 168 1198 213 PRAEFATIO.
1664 171 1853 214 XXXIX

178 289 286 332 ‹lu-m
318 289 398 342 d.’‚
436 287 484 330 in
515 287 687 331 Donati
728 290 985 331 commento
1026 288 1116 331 duo
1158 290 1342 331 exstant
1382 288 1558 332 scholia
1592 290 1657 343 ‘1)
1690 309 1745 332 211!
1776 309 1857 333 xm

183 367 231 391 TV
265 366 386 391 OMNIA
406 381 532 391 .....
565 349 614 402 2)
649 365 731 390 NEC
764 366 813 390 TV
839 365 961 391 OMNIA
987 348 1162 391 audisti
1183 348 1492 391 subauditur’.
1540 348 1635 391 Iam
1662 352 1854 404 apparet

177 406 307 450 illam
332 404 589 449 Victoriani
616 405 965 450 adnotationem
990 406 1050 449 ad
1075 406 1327 449 secundum
1351 406 1576 450 scholium
1599 406 1852 463 pertinere,

178 465 258 510 sed
297 478 446 520 neque
485 463 533 507 in
572 464 658 508 1100
695 479 845 520 neque
884 464 933 507 in
971 464 1053 508 illo
1094 465 1218 521 apud
1257 465 1490 509 Donatum
1531 467 1610 508 ‘an
1648 466 1763 509 haec
1802 468 1853 509 tu

178 523 350 568 omnia’
385 523 577 579 legitur,
611 538 729 579 quae
763 526 924 568 contra
955 523 1095 567 lectio
1129 526 1199 567 est
1230 523 1454 568 librorum
1479 525 1577 568 PG.
1640 524 1853 568 Fortasse

177 582 322 640 igitur
351 582 610 626 Victoriani
649 582 875 626 scholium
915 583 1209 663 desumptum
1249 586 1320 627 est
1360 597 1414 627 ex
1447 583 1605 627 codice
1638 585 1853 639 quodam,

176 642 222 684 in
263 655 354 697 quo
394 642 453 684 ad
491 642 677 685 verba
685 656 744 685 an
784 642 899 685 haec
938 644 990 685 tu
1030 642 1201 686 omnia'
1244 656 1383 698 supra
1422 656 1521 686 vers
1526 658 1602 685 um
1642 643 1854 686 additum

178 703 278 744 erat
313 699 511 744 ‘scilicet
543 700 717 744 audisti
749 716 782 745 s.
818 701 880 745 d.’
939 701 1029 744 Sed
1059 702 1175 745 haec
1208 701 1454 746 sufficiant.
1509 703 1558 744 In
1586 701 1853 746 Victoriano

177 760 288 803 ordo
327 759 591 803 fabularum
631 763 720 805 est:
761 759 937 803 Andria
975 759 1125 817 Adelp
1127 761 1214 804 hoe
1253 760 1503 804 Eunuchus
1544 763 1652 816 etc,
1694 760 1854 816 itaque

178 819 455 875 Sabbadini,
496 819 619 875 quod
659 819 858 862 frustula
889 776 1125 863 Donateap
1142 820 1201 863 ad
1231 819 1456 863 Andriam
1496 822 1542 863 et
1581 820 1855 862 Eunuchum

176 878 432 934 pertinent,
474 878 772 935 sagacissime
806 878 1032 922 conclusit
1063 878 1274 923 derivata
1306 893 1403 923 esse
1437 882 1654 936 excerpta
1685 879 1768 922 illa
1799 893 1854 922 ex

175 936 316 993 libro,
357 936 405 979 in
437 951 527 993 quo
559 937 783 980 Andriam
814 937 1063 981 Eunuchus
1097 937 1379 994 excipiebat3
1414 938 1494 982 sed
1525 938 1633 981 hinc
1658 938 1855 981 eundem

175 995 384 1039 ordinem
423 1010 481 1040 ex
511 996 684 1040 Donati
723 996 880 1063 aliquo
922 997 1079 1040 codice
1110 996 1369 1054 profectum
1401 1011 1500 1041 esse
1532 1011 1636 1041 mea
1667 997 1855 1053 quidem

176 1054 410 1098 sententia
447 1069 538 1099 non
578 1055 839 1100 necessario
880 1055 1139 1114 colligitur,
1180 1071 1284 1099 cum
1324 1058 1371 1100 et
1402 1056 1450 1099 111
1480 1056 1613 1100 libris
1646 1056 1736 1100 PC
1763 1056 1854 1099 Eu-

174 1114 354 1157 nuchus
387 1116 608 1170 sequatur
638 1114 875 1158 Andriam.

295 1176 337 1230 3)
371 1172 601 1218 Scholia
632 1173 1029 1219 Riccardiana.
1085 1174 1154 1218 De
1185 1174 1462 1218 Riccardino
1495 1176 1578 1230 (nr.
1605 1178 1690 1218 528
1715 1189 1748 1218 s.
1774 1174 1854 1231 XI)

174 1232 498 1289 Umpfenbach
551 1232 601 1276 in
653 1233 943 1300 praefatione
990 1249 1032 1290 p.
1073 1233 1264 1276 XXXIII
1318 1234 1387 1277 ita
1432 1234 1594 1278 refert·
1652 1235 1855 1290 ‘praeter

177 1292 427 1335 secundam
472 1305 661 1335 manum
707 1292 757 1335 in
802 1291 938 1336 initio
977 1292 1184 1348 Hecyrae
1226 1294 1272 1336 et
1311 1292 1359 1335 in
1398 1292 1674 1336 Phormione
1713 1292 1855 1336 tertia

175 1351 405 1406 quaedam
444 1351 651 1395 eiusdem
689 1351 857 1395 aetatis
891 1353 1151 1396 atramento
1183 1350 1386 1408 nigriore
1419 1354 1466 1395 et
1497 1351 1715 1395 ductibus
1749 1351 1855 1395 sub-

174 1409 410 1454 tilioribus
457 1413 674 1466 excerpta,
720 1424 775 1454 ex
822 1410 1009 1454 scholiis
1058 1410 1336 1454 Donatianis
1385 1410 1623 1467 aspersit'3
1678 1409 1856 1454 ibidem

178 1469 301 1520 (adn.
331 1471 373 1527 1)
405 1483 524 1525 quae
556 1469 729 1526 partim
759 1469 858 1526 ipse
889 1468 1062 1526 partim
1095 1468 1383 1513 Studemund
1416 1469 1758 1526 descripserant
1780 1484 1855 1514 ex-

174 1527 319 1572 hibet.
367 1528 608 1572 Pertinent
641 1531 796 1572 autem
825 1528 1003 1572 scholia
1026 1527 1348 1586 Riccardiana‚
1382 1543 1500 1584 quae
1526 1528 1667 1573 etiam
1693 1528 1854 1572 Schlee

176 1587 383 1644 syllogae
416 1601 526 1632 suae
557 1586 753 1632 inseruit
785 1589 845 1644 (p.
873 1591 1086 1645 69—75),
1119 1588 1181 1631 ad
1210 1587 1319 1632 Hec.
1350 1587 1464 1644 prol.
1490 1588 1511 1631 I
1536 1587 1642 1631 1-1
1660 1593 1699 1643 2,
1720 1587 1775 1631 84
1808 1590 1856 1631 01

177 1647 236 1689 ad
261 1646 442 1690 Phorm.
467 1646 582 1703 prol.
611 1647 820 1703 1—1112‚
841 1652 887 1702 13
919 1646 1092 1691 Donati
1122 1661 1290 1691 nomen
1313 1661 1543 1703 nusquam
1569 1647 1856 1704 adscriptum

176 1709 258 1751 est.
305 1705 581 1762 Plerumque
612 1706 727 1750 haec
759 1708 976 1763 excerpta
1008 1705 1305 1750 consentiunt
1336 1721 1440 1750 cum
1470 1706 1658 1764 optimis
1681 1706 1855 1750 Donati

176 1764 433 1819 codicibus3
457 1764 616 1820 itaque
642 1764 862 1820 quoniam
884 1765 933 1808 in
956 1765 1046 1808 hac
1063 1765 1310 1810 commenti
1325 1767 1459 1822 parte
1476 1764 1567 1809 nisi
1584 1764 1758 1810 saeculi
1771 1764 1855 1809 XV

174 1823 284 1867 libri
322 1823 625 1880 manuscripti
663 1823 799 1868 nobis
837 1826 1023 1881 praesto
1063 1839 1157 1868 non
1196 1830 1324 1881 sunt,
1370 1825 1516 1869 multo
1557 1824 1855 1868 vetustiorem

173 1885 342 1927 testem
389 1885 621 1927 servatum
667 1897 767 1927 esse
812 1883 1082 1941 gaudemus,
1151 1883 1358 1928 Tametsi
1396 1883 1473 1927 hic
1511 1897 1694 1940 quoque
1735 1882 1856 1927 sicut

174 1941 222 1985 in
260 1941 498 1986 Bembinis
538 1941 726 1986 scholiis
767 1941 983 1987 cautione
1023 1957 1138 1999 opus
1171 1946 1262 1998 est,
1301 1956 1359 1987 ne
1390 1942 1564 1987 Donati
1596 1943 1854 1987 commento

175 2001 513 2054 adscribamus,
569 2000 694 2057 quod
748 2001 835 2045 soli
889 2001 1171 2058 excerptoris
1219 2001 1411 2046 arbitrio
1459 2001 1676 2056 debetur,
1730 2001 1857 2045 velut

175 2060 232 2104 ad
266 2059 446 2105 Phorm.
478 2060 521 2103 II
545 2066 585 2116 2,
604 2066 660 2104 24
699 2074 854 2104 versus
893 2059 1148 2117 Iuvenalis,
1189 2075 1328 2117 quem
1366 2060 1547 2106 codices
1586 2059 1733 2105 nostri
1762 2074 1855 2104 non

178 2121 599 2234 agnogmsndholia
629 2178 928 2223 Vaticana.
990 2178 1273 2235 Perexiguus
1313 2181 1384 2223 est
1413 2193 1628 2224 numerus
1661 2177 1856 2222 scholio-

174 2252 276 2280 rum
307 2237 621 2282 Donateorum
659 2237 708 2281 in
748 2237 847 2282 cod.
873 2237 1103 2282 Vaticano
1136 2242 1250 2282 3868
1283 2253 1316 2283 s.
1350 2238 1506 2297 IXJX,
1547 2238 1602 2282 cf.
1634 2236 1854 2294 Umpfen-

174 2297 298 2341 bach
329 2296 379 2340 in
409 2296 605 2354 praefat
637 2312 681 2354 p.
707 2297 878 2340 XXVII
908 2299 956 2342 et
987 2296 1149 2341 8011100
1180 2297 1210 2342 1.
1244 2311 1280 2341 c.
1314 2313 1358 2354 p.
1386 2301 1573 2342 67—68.

293 2357 336 2413 5)
382 2354 611 2400 Scholia
657 2355 934 2400 Parisina.
1018 2357 1117 2400 Iam
1172 2370 1230 2413 ap
1231 2356 1295 2399 ud
1342 2354 1761 2414 Umpfenbachium
1805 2354 1854 2398 in

174 2414 388 2472 praef.p
357 2429 401 2471 p.
435 2414 582 2459 XXVI
620 2415 736 2460 haec
774 2415 994 2472 legimus:
1042 2372 1240 2459 scholipa
1277 2415 1420 2459 refert
1458 2416 1538 2474 [sc.
1577 2413 1852 2472 Fritschius]

173 2473 224 2516 in
262 2473 294 2518 f.
336 2473 582 2518 duodecim
617 2473 850 2531 prioribus
891 2474 1083 2533 [codicis
1114 2473 1315 2518 Parisini
1348 2479 1461 2519 7899
1494 2490 1528 2519 s.
1557 2473 1712 2532 IXlX]
1752 2487 1854 2530 per-

173 2532 324 2577 multa
347 2546 460 2588 esse,
494 2532 661 2577 deinde
685 2546 929 2589 rarescere,
960 2533 1195 2577 nonnullis
1218 2532 1334 2578 locis
1356 2533 1496 2590 plane
1520 2533 1719 2587 deesse’3
1754 2534 1855 2575 tum

177 2590 424 2636 Chatelain
457 2591 686 2650 ‘Paleogn
721 2592 802 2636 des
834 2592 965 2636 class.
997 2593 1098 2637 Lat.
1106 2593 1119 2614 ’
1154 2592 1214 2636 ad
1245 2593 1457 2637 tabulam
1486 2593 1572 2637 VII
1604 2592 1661 2636 de
1693 2591 1855 2636 eodem

175 2650 334 2695 ccdice
364 2651 436 2694 ita
464 2650 626 2696 refert:
661 2651 806 2695 ‘Dans
836 2651 881 2695 10
905 2651 1049 2696 Paris.
1077 2655 1205 2707 7899,
1237 2651 1280 2696 10
1311 2653 1439 2696 texte
1471 2651 1529 2696 de
1552 2651 1755 2695 Terence
1784 2652 1855 2694 est

177 2722 367 2767 accomp
430 2711 504 2766 110,
537 2723 597 2754 au
627 2709 777 2756 moins
811 2710 927 2754 dans
958 2709 1008 2753 la
1036 2709 1262 2768 premiere
1292 2710 1444 2768 partie
1477 2710 1539 2754 du
1568 2709 1765 2765 volume,
1797 2708 1854 2752 de

206 2767 329 2813 10000
376 2781 404 2812 a
438 2768 665 2814 undantes
713 2771 1005 2827 empruntees
1043 2769 1390 2836 generalement
1428 2783 1488 2814 au
1527 2767 1854 2813 commentaire

209 2839 235 2870 e
265 2826 461 2884 Donat’3
501 2827 641 2884 deniq
642 2841 701 2872 ue
740 2827 903 2872 Schlee
939 2843 986 2885 p.
1012 2831 1068 2871 38
1098 2827 1380 2872 mentionem
1417 2827 1554 2884 facit,
1595 2841 1700 2872 cum
1739 2825 1855 2870 dicit

179 2883 247 2928 ‘in
285 2886 332 2930 P
363 2885 484 2931 libro
521 2886 680 2944 priora
715 2886 832 2931 folia
868 2886 1114 2932 duodecim
1149 2886 1311 2932 multis
1350 2885 1626 2932 Donatianis
1667 2883 1854 2930 scholiis

77 2938 89 2956 ‘
178 2942 332 2990 obsita
370 2946 512 2990 sunt'.
572 2945 714 2990 Haec
740 2945 920 2990 scholia
957 2945 1160 3004 exceptis
1193 2945 1281 3003 eis„
1321 2959 1441 3002 quae
1473 2945 1720 2991 Chatelain
1750 2943 1781 2989 1.
1813 2956 1851 2987 c.
