2094 3140
661 160 893 203 ANDRIA
925 160 987 202 111
1012 164 1051 215 4,
1079 164 1236 213 23-5
1262 166 1299 203 4.
1716 161 1816 212 189

146 288 304 351 figura
358 285 634 349 σύλλημψις
692 301 779 347 per
832 299 1032 348 genera3
1087 311 1146 315 —
1282 285 1311 331 5
1382 286 1617 344 Vcryilc'us
1672 279 1815 350 (Aen.

145 363 183 408 I
216 353 344 426 212)
394 354 529 420 ‘pars
574 361 627 407 in
670 359 833 418 frusta
879 353 1080 406 secant’.
1158 359 1241 405 sed
1285 359 1360 405 hic
1405 360 1568 418 ftyura
1616 363 1682 406 est
1727 375 1819 418 per

144 449 379 483 numeros.
499 459 560 465 —
604 449 719 479 nam
758 433 873 493 quia
922 426 1124 479 ‘scelus'
1166 432 1458 480 scelestus
1499 433 1818 495 intellegitm·,

146 508 288 556 modo
329 501 460 569 ‘qui'
500 507 764 565 subiunxit,
803 521 901 553 non
941 501 1125 566 ‘quod'.

9 585 114 632 608
259 575 291 628 2
338 584 362 627 1
407 595 512 626 TAM
544 594 690 627 INERS
731 581 832 626 sine
874 582 992 639 arte,
1032 580 1083 626 id
1122 583 1196 627 est
1235 582 1337 627 sine
1370 577 1527 646 ἀρετῇ.
1644 581 1672 626 2
1716 596 1819 626 TAM
1867 599 1886 626 :›

146 671 294 703 NVLLI
335 669 535 702 CONSILI
573 670 671 700 una
709 669 824 715 pars
865 655 1100 701 orationis
1141 656 1226 702 est.
1359 656 1388 701 3
1429 669 1581 702 NVLLI
1622 668 1821 701 CONslm

146 744 232 777 nos
286 728 517 776 nullius
580 730 630 775 et
683 728 893 787 solius,
954 730 1084 775 recte
1141 731 1305 775 autem
1367 730 1556 776 ueteres
1620 728 1819 775 nullus

145 802 298 852 nulli
339 804 388 849 et
427 802 589 850 solus
628 802 743 849 soli
787 801 1112 849 declinabant.

9 879 113 926 609
259 870 292 923 3
338 879 363 923 1
407 892 476 922 ME
518 889 820 923 COMMISISSE
864 892 907 922 F.
963 891 1059 923 non
1100 871 1502 924 ‘commendasse'
1551 875 1634 922 sed
1674 870 1820 923 *com-

144 945 376 998 misisse':
424 950 849 998 committimus
889 950 1040 1009 enim,
1081 965 1206 1010 quae
1237 965 1417 1012 magno
1457 966 1566 997 cum
1601 951 1820 1011 periculo
1847 968 1887 998 10

145 1025 373 1072 uolumus
406 1039 509 1072 esse
541 1026 750 1072 seruata.
868 1025 897 1070 2
939 1039 1110 1071 Fv'rnn
1140 1024 1256 1083 leui,
1287 1024 1447 1070 inani:
1480 1039 1509 1070 a
1540 1039 1658 1071 uase
1691 1024 1822 1085 quod

144 1098 323 1146 futile
362 1098 564 1158 dicitur,
612 1098 741 1159 quod
779 1113 877 1145 non
916 1098 1168 1159 deponunt
1206 1098 1422 1145 ministri
1460 1097 1822 1157 sacrificiorum,

147 1172 275 1234 quod
317 1173 391 1220 est
430 1174 573 1220 acuto
612 1172 766 1219 fundo
815 1174 863 1219 et
902 1172 1072 1234 patulo
1113 1187 1194 1219 ore
1237 1172 1564 1233 instabileque
1604 1174 1690 1219 est.
1766 1174 1824 1219 ut

145 1246 395 1309 Vergilius
436 1239 580 1312 (Aen.
616 1246 704 1292 XI
737 1239 862 1311 339)
906 1243 1140 1293 ‘consiliis
1180 1245 1376 1293 habitus
1423 1262 1522 1293 non
1559 1246 1719 1293 futilis
1760 1241 1820 1292 a.'

0 1320 113 1368 ³610
258 1313 294 1367 4
338 1323 363 1367 1
407 1335 542 1368 ERGO
582 1335 805 1367 PRETIVM
845 1322 894 1366 et
931 1320 1189 1380 pretium
1230 1322 1278 1367 et
1316 1322 1641 1380 praemium
1679 1336 1820 1383 gene-
1847 1336 1888 1368 15

102 1460 108 1465 1
146 1394 320 1442 raliter
357 1410 446 1456 pro
477 1394 605 1442 bono
646 1396 732 1440 aut
762 1393 891 1440 malo
923 1394 1055 1441 facto
1087 1393 1322 1454 redditur,
1363 1393 1446 1441 sed
1484 1393 1823 1441 discernuntur

146 1468 238 1516 hoc
276 1468 442 1516 modo:
489 1469 746 1529 pretium
783 1483 873 1529 pro
913 1467 1129 1515 stultitia
1167 1483 1326 1529 poena
1364 1470 1460 1527 est,
1498 1469 1822 1528 praemium

148 1558 237 1605 pro
269 1543 454 1589 uirtute
487 1544 535 1588 et
566 1542 811 1604 sapientia
842 1541 996 1589 honor
1028 1543 1103 1589 est
1141 1545 1190 1588 et
1221 1542 1423 1589 lucrum.
1463 1569 1523 1573 -
1645 1543 1673 1587 2
1710 1558 1823 1588 PRE-

150 1631 271 1663 TJVM
304 1632 360 1662 OB
393 1631 687 1662 STVLTJTJAM
712 1618 782 1663 sic
813 1619 855 1662 et
884 1616 1090 1663 Plautus
1122 1614 1348 1676 (Aryum.
1378 1613 1518 1663 Asin.
1553 1615 1607 1676 3)
1642 1617 1824 1663 locutus·

149 1693 216 1737 est
248 1685 472 1749 ‘pretium
510 1691 566 1737 ob
602 1685 784 1737 asinos'
816 1704 911 1748 pro
945 1685 1214 1736 ‘asinorum
1237 1685 1483 1749 pretium’.
1597 1716 1669 1722 —-
1702 1689 1819 1735 Ver·
1846 1708 1888 1739 20

271 1835 291 1873 1
328 1833 386 1874 C·
409 1833 416 1873 Ι
441 1831 716 1874 -ΛΛΕΜΨΙΟ
749 1832 815 1885 A,
849 1829 998 1873 sile-{sis
1032 1832 1098 1884 B,
1132 1829 1374 1886 sylempsis
1408 1830 1459 1884 V,
1493 1829 1675 1887 silepsis
1707 1832 1791 1875 TC
1812 1834 1824 1881 Γ

150 1894 175 1932 2
207 1903 318 1946 pare
350 1892 476 1947 (corr.
517 1905 572 1933 m.
605 1890 707 1945 rec.)
741 1891 786 1934 A
819 1892 825 1946 Ι
867 1889 1040 1934 frustra
1075 1890 1170 1943 CV,
1201 1891 1330 1946 (corr.
1363 1904 1420 1933 m.
1453 1891 1554 1947 rec.)
1586 1890 1630 1933 A
1666 1892 1671 1945 Ι
1708 1890 1825 1933 haec

157 1949 199 1991 V
217 1950 232 2005 ΙΙ
257 1953 281 1991 3
314 1948 442 2007 quia]
469 1948 549 2004 qui
575 1950 639 2004 A,
673 1949 798 2004 quod
827 1950 868 1992 T
886 1950 900 2006 {l
923 1953 950 1991 4
983 1948 1225 2005 subiungit
1254 1949 1339 1992 TC
1363 1951 1368 2005 Ι
1395 1964 1487 1994 non
1519 1950 1570 1992 in
1597 1963 1687 1994 ras.
1721 1949 1788 1992 V2
1812 1951 1825 2006 ss

148 2012 174 2051 5
207 2022 295 2050 TAM
318 2035 372 2039 —
398 2023 486 2051 TAM
516 2022 598 2052 om.
633 2009 678 2052 B
705 2009 711 2065 1
741 2007 810 2050 -i-
846 2007 944 2051 sine
977 2022 1063 2051 aue
1096 2010 1175 2050 ΤΗ
1209 2008 1365 2064 (ἀρετὴ
1397 2023 1500 2052 secr.
1534 2023 1588 2052 m.
1623 2011 1725 2065 rec.)
1759 2010 1823 2063 A,

147 2071 245 2120 sine
276 2069 374 2121 apte
406 2068 457 2124 V,
489 2081 572 2111 om.
612 2067 696 2111 TC
737 2069 751 2123 ΙΙ
798 2073 823 2110 6
857 2066 1040 2110 consilii
1073 2068 1139 2122 B,
1179 2080 1260 2110 om.
1296 2068 1525 2122 ATGV1
1553 2068 1643 2125 est]
1677 2071 1730 2110 e'e
1774 2068 1824 2119 V,

148 2140 230 2170 om.
272 2127 318 2170 B
345 2128 351 2182 Ι
380 2125 562 2171 consilii
600 2126 725 2170 codd.
752 2128 766 2183 ΙΙ
801 2131 824 2169 7
867 2125 1023 2169 nullus
1062 2125 1099 2168 li
1139 2125 1263 2170 solus
1303 2125 1422 2182 liB,
1454 2126 1582 2170 nullo
1621 2125 1740 2170 nulli
1779 2130 1826 2170 et

149 2189 247 2242 (om.
284 2186 341 2243 Ο)
374 2185 472 2230 solo
505 2184 593 2229 soli
626 2185 784 2240 AGV,
814 2184 944 2228 nullo
980 2186 1021 2228 Τ
1041 2187 1055 2242 ΙΙ
1080 2190 1105 2228 8
1139 2184 1441 2228 declinabant
1471 2199 1555 2229 om.
1594 2187 1635 2229 T
1659 2187 1673 2242 ΙΙ
1709 2190 1734 2228 9
1766 2201 1825 2228 m:

71 2243 74 2246 ’
147 2271 204 2277 -
230 2244 574 2288 commendasse
605 2258 687 2288 om.
728 2246 768 2288 T
791 2247 796 2300 Ι
823 2244 899 2288 Me
934 2245 986 2287 in
1022 2258 1112 2288 ras.
1155 2243 1236 2298 V2,
1275 2257 1357 2288 om.
1393 2245 1438 2288 Β
1466 2246 1471 2299 Ι
1498 2260 1538 2287 ιτ.
1579 2258 1661 2289 om.
1699 2245 1822 2302 BC}

29 2304 35 2314 ¹
147 2303 259 2362 non]
291 2317 376 2347 nec
408 2304 540 2359 AV!
569 2303 651 2347 sed
683 2302 967 2346 commisisse
999 2317 1082 2348 om.
1116 2304 1161 2347 B
1184 2305 1198 2359 ΙΙ
1234 2307 1288 2346 10
1321 2302 1583 2347 comitimus
1617 2305 1661 2347 A
1688 2305 1694 2361 1
1722 2317 1827 2346 cum

147 2375 319 2419 magno
345 2362 489 2407 BTC'
508 2364 522 2420 ΙΙ
549 2367 600 2406 11
627 2361 768 2406 futuli
800 2363 844 2405 V
866 2365 871 2419 Ι
899 2362 1002 2406 leue
1033 2364 1073 2406 T
1095 2364 1101 2418 Ι
1127 2361 1259 2405 inani
1283 2362 1503 2418 Schope‘n:
1528 2377 1638 2407 nam
1661 2363 1787 2406 codd.
1817 2364 1821 2439 J

150 2420 264 2476 quid
290 2422 332 2465 T
351 2424 365 2479 ΙΙ
391 2426 444 2464 12
477 2421 629 2465 futilis
655 2422 767 2476 AC,
798 2420 962 2464 futulis
994 2423 1034 2465 T
1056 2423 1062 2479 Ι
1091 2421 1263 2464 dicitur
1291 2420 1478 2480 <futilis
1512 2421 1718 2481 dicitur>
1751 2422 1794 2465 V
1817 2442 1822 2480 Ι

150 2493 385 2524 sacrorum
419 2481 507 2526 TO
535 2483 549 2538 ΙΙ
590 2485 643 2524 13
677 2480 802 2536 quod
837 2495 918 2524 om.
960 2482 1027 2537 T!
1056 2482 1147 2538 ore]
1182 2495 1240 2524 m.
1281 2482 1350 2537 ΤΙ
1377 2480 1681 2536 instabilique
1714 2480 1826 2534 AC,

150 2537 449 2595 instabli'que
481 2541 540 2596 T,
571 2538 839 2583 instabilius
873 2540 943 2595 Vl
971 2541 1043 2582 est
1073 2541 1127 2583 ut
1158 2541 1223 2595 A,
1256 2541 1328 2584 est
1360 2541 1425 2593 B,
1458 2542 1506 2584 et
1536 2540 1589 2596 V,
1620 2542 1674 2583 ut
1710 2540 1792 2584 TC
1813 2542 1827 2597 ΙΙ

154 2601 209 2649 14
238 2597 472 2654 Vergilius
512 2613 595 2643 om.
634 2598 719 2642 TC
753 2599 759 2657 Ι
802 2597 929 2641 futili
964 2599 1017 2654 C,
1057 2598 1198 2642 futuli
1235 2601 1276 2642 T
1313 2608 1318 2649 ι
1361 2600 1424 2658 a.]
1457 2601 1619 2643 auctor
1657 2599 1708 2655 V,
1742 2613 1824 2643 om.

153 2656 295 2701 BTO
337 2659 352 2715 ΙΙ
400 2662 454 2700 15
486 2657 585 2715 Ego
624 2658 696 2714 Vl
725 2659 772 2701 et
807 2656 1030 2715 pretium]
1069 2672 1151 2713 pro
1188 2657 1392 2702 stultitia
1428 2672 1550 2716 pena
1585 2660 1657 2702 est
1693 2671 1827 2715 prae-¹

151 2713 297 2758 mium
333 2730 416 2772 pro
457 2716 631 2761 uirtute
671 2729 781 2774 ergo
811 2715 1014 2772 pretium
1045 2717 1111 2771 B,
1149 2716 1407 2774 praemium
1445 2718 1498 2773 V,
1533 2731 1614 2762 om.
1650 2719 1695 2761 A
1709 2718 1792 2761 TC
1818 2718 1823 2774 ι

154 2773 220 2830 et]
253 2775 337 2818 aut
370 2775 455 2821 TO
489 2777 504 2832 ΙΙ
544 2780 598 2819 16
628 2775 752 2820 bone
791 2775 834 2819 V
856 2777 862 2832 Ι
888 2774 1011 2819 male
1041 2775 1168 2820 facto
1206 2777 1288 2821 TO
1323 2778 1338 2833 ΙΙ
1379 2781 1432 2820 17
1464 2776 1572 2835 hoc]
1603 2775 1673 2820 ita
1710 2777 1792 2820 TC
1818 2775 1823 2834 Ι

154 2833 226 2875 est
269 2845 391 2888 pena
434 2834 520 2879 TO
559 2837 575 2892 ΙΙ
622 2838 677 2878 18
717 2836 764 2878 et
807 2833 1056 2936 sapientia}
1094 2834 1303 2891 precium
1339 2849 1423 2892 pro
1464 2834 1668 2879 stultitia
1708 2834 1791 2878 TO
1810 2834 1827 2892 ΙΙ

156 2894 210 2933 19
251 2890 462 2936 stultiam
500 2894 547 2938 B
587 2894 594 2950 Ι
637 2895 686 2936 et
729 2907 812 2938 om.
855 2894 955 2937 BT
991 2895 997 2950 Ι
1059 2896 1222 2938 ocutus
1268 2907 1351 2938 om.
1386 2896 1431 2938 B
1476 2896 1491 2951 ΙΙ
1537 2898 1593 2938 20
1633 2894 1703 2937 est
1740 2907 1823 2937 om.

155 2949 293 2995 BTC
316 2950 322 3009 Ι
349 2949 408 2995 ob
441 2951 570 2997 asino
602 2954 648 2997 A
1502 2959 1510 2971 ‘
