2094 3140
684 148 1008 194 EVNVCHVS
1032 149 1096 192 111
1121 154 1162 204 2,
1189 152 1375 193 24-29.
1766 151 1870 203 377

193 277 408 336 laedere,
456 276 627 323 deinde
675 275 765 322 hoc
804 274 934 322 dicto
975 276 1242 322 attestatur
1279 275 1696 335 pulchritudinem
1730 276 1875 323 huius

192 351 421 398 muneris.
499 349 616 410 quid
667 348 823 410 igitur
859 347 1088 409 proficit?
1165 349 1285 395 satis
1326 351 1492 395 autem
1530 349 1748 396 ioculare
1788 352 1876 409 est,

195 426 236 472 si
275 424 458 487 cogites
493 422 759 470 Chaeream
800 437 918 482 esse,
959 424 1043 482 qui
1081 422 1201 470 haec
1240 422 1300 470 de
1340 437 1389 469 se
1430 422 1602 469 audiat
1635 425 1683 470 et
1713 425 1875 470 tacere

195 501 409 560 cogatur.
564 498 593 543 3
643 512 739 543 VEL
789 511 998 543 SOBRIVS
1037 495 1244 544 honesta
1282 493 1493 556 ἔλλειψις
1531 499 1734 558 propter
1772 514 1875 543 mu-

193 572 326 618 lieris
364 571 710 632 praesentiam,
749 572 807 616 ut
847 563 1017 636 (Vcry.
1050 571 1156 618 ΕΟΖ.
1185 571 1290 617 ΙΙΙ
1317 563 1376 636 8)
1417 565 1663 618 ‘nouimus
1704 572 1753 618 et
1793 570 1878 631 qui
1924 587 1945 618 5

192 640 261 692 te'
309 647 358 691 et
402 645 506 706 ipse
553 645 605 690 in
643 644 1202 692 Heautontimorumeno
1242 637 1322 710 (V
1349 647 1394 700 1,
1427 637 1522 710 40)
1571 639 1677 705 ‘qui
1716 660 1766 692 se
1804 645 1878 691 ui-

193 718 337 766 dente
384 719 593 766 amicam
639 719 862 780 patiatur
908 712 1081 766 suam'.
1158 718 1249 765 hoc
1296 720 1461 765 tamen
1500 718 1641 765 miles
1682 721 1878 766 coactus

193 809 222 839 a
261 792 563 840 Parmenone
602 792 738 852 dicit,
777 793 894 853 quia
932 791 1252 854 reprehensus
1294 795 1368 839 est
1403 793 1629 840 tacuisse.

55 866 160 914 480
307 860 379 913 27
433 869 460 914 1
510 880 682 919 ATQVE
728 881 864 914 HAEC
915 881 1002 919 QVI
1046 880 1186 913 MISIT
1232 865 1284 912 id
1331 869 1426 914 est:
1479 867 1624 914 tanta
1670 868 1720 914 et
1756 866 1880 913 talia

193 956 410 988 munera.
470 941 555 987 hoc
585 942 712 988 enim
742 942 997 1000 siynifieat.
1133 942 1162 987 2
1204 955 1307 987 NON
1339 955 1438 987 SIBI
1471 954 1585 988 som
1614 954 1879 988 POSTVLAT
1905 957 1949 988 10

193 1014 285 1062 hoc
332 1015 406 1063 est
454 1007 548 1080 (II
566 1018 610 1070 1,
637 1007 806 1079 8—9)
856 1009 926 1061 ‘et
972 1014 1124 1061 istum
1171 1014 1418 1061 aemulum
1459 1014 1589 1075 quod
1626 1009 1881 1078 pote<ri>s

196 1088 256 1136 ab
297 1104 355 1135 ea
392 1082 598 1151 pellito'.

13 1180 24 1187 ·
57 1164 159 1210 481
309 1156 384 1210 28
432 1178 498 1209 ΕΤ
546 1176 642 1210 st
682 1176 846 1210 CAVSA
885 1176 1110 1210 Exonvm
1149 1175 1377 1210 CETEROS
1416 1162 1543 1208 nihil
1582 1161 1679 1209 dici
1717 1162 1883 1223 potuit

194 1236 509 1297 inuidiosius;
570 1252 669 1284 non
730 1236 861 1283 enim
919 1236 1043 1282 dixit
1105 1230 1437 1283 ‘Phaedriam'
1499 1235 1583 1283 sed
1642 1231 1883 1296 ‘ceteros',

196 1311 337 1372 quasi
374 1310 531 1357 futuri
571 1312 816 1358 amatores
854 1311 1085 1371 fuissent,
1125 1310 1222 1358 nisi
1258 1311 1566 1357 metueretur
1605 1311 1883 1372 exemplum
1907 1326 1951 1359 15

195 1383 482 1432 Phaedriae.

58 1461 166 1507 482
310 1452 385 1506 29
437 1460 463 1505 1
514 1472 683 1511 NEQVE
734 1472 933 1506 PVGNAs
984 1472 1188 1505 NARRAT
1239 1457 1504 1520 descriptio
1553 1457 1727 1506 militis
1774 1460 1883 1505 tan-

195 1534 304 1580 tum
343 1535 544 1594 excepto
583 1531 792 1579 nomine.
929 1534 959 1579 2
1000 1546 1169 1585 NEQVE
1212 1546 1514 1579 CIOATRIOES
1553 1532 1745 1595 insigne
1784 1533 1884 1580 foe-

197 1606 383 1665 ditatis,
428 1621 545 1653 nam
577 1605 708 1667 apud
737 1606 1045 1653 meretricem
1077 1605 1195 1667 quid
1227 1606 1364 1652 aliud
1396 1605 1646 1654 cicatrices
1676 1604 1882 1654 ualent?

196 1696 312 1727 nam
351 1680 616 1740 cicatrices,
655 1681 711 1726 ut
749 1694 941 1742 semper
970 1680 1215 1743 gloriosae
1247 1680 1362 1741 sint,
1400 1696 1497 1728 non
1528 1682 1695 1728 tamen
1728 1680 1879 1728 etiam
1907 1698 1952 1730 20

198 1753 330 1816 apud
375 1755 677 1814 meretriceS,
725 1753 905 1815 quibus
950 1755 1066 1815 post
1100 1755 1318 1815 pretium
1355 1754 1515 1802 forma
1553 1755 1729 1816 placet.

199 1829 229 1875 3
270 1827 406 1876 Haec
439 1829 555 1875 sunt
585 1827 786 1875 uirtutis
818 1828 1049 1891 insignia,
1087 1830 1144 1875 ut
1177 1826 1444 1876 Sallustius
1477 1844 1670 1890 quoque
1699 1829 1887 1876 fatetur

198 1895 350 1968 (Hist.
375 1902 414 1948 I
437 1902 500 1961 fr.
525 1903 594 1949 88
617 1894 718 1967 M.)
766 1896 1222 1950 ‘dehonestamento
1272 1897 1461 1966 [tamen
1500 1897 1626 1966 esse]
1669 1903 1886 1964 corporis

196 1975 407 2023 maxime
447 1970 762 2023 laetabatur'.

316 2122 339 2160 1
371 2115 711 2174 pulchritudini
744 2115 783 2160 0
820 2118 826 2173 Ι
867 2115 1006 2159 huius
1043 2115 1249 2160 muneris
1285 2117 1355 2172 (in
1384 2130 1470 2174 my.
1504 2115 1582 2160 uel
1612 2115 1796 2160 iuuenis
1829 2139 1884 2153 =

197 2175 319 2233 dett.)
350 2176 402 2232 V,
433 2174 572 2219 huius
604 2178 675 2234 (ex
706 2174 823 2231 eius)
854 2174 992 2219 huius
1027 2175 1074 2231 C,
1106 2174 1243 2218 huius
1278 2176 1320 2219 T
1337 2177 1352 2232 ΙΙ
1376 2180 1401 2218 2
1433 2173 1636 2233 proficit]
1739 2175 1807 2219 sic
1834 2176 1886 2231 T,

195 2249 278 2292 pro
303 2234 424 2279 sicut
449 2234 487 2279 G
505 2237 521 2292 ΙΙ
544 2239 571 2277 3
603 2233 772 2278 corites
793 2235 835 2278 T
842 2234 880 2278 0
903 2235 909 2291 Ι
937 2233 1052 2290 quid
1082 2235 1123 2278 T
1139 2236 1155 2291 ΙΙ
1177 2239 1204 2277 4
1236 2234 1430 2278 honeste
1452 2233 1539 2278 TC
1549 2234 1602 2290 V,
1632 2249 1674 2277 -s
1751 2235 1854 2279 dett.
1877 2234 1884 2294 Ι

201 2291 394 2351 ἐλλήψισ
430 2294 483 2349 V,
522 2306 684 2339 *20:201*
718 2293 772 2349 Ο,
813 2306 896 2338 om.
935 2294 978 2337 T
1015 2295 1030 2350 ΙΙ
1077 2298 1102 2336 6
1143 2293 1470 2337 eutontumerfi
1504 2294 1559 2344 Ο,
1603 2295 1799 2337 eutontfi
1835 2294 1887 2347 T,

199 2355 728 2398 cautontumerumenon
759 2353 803 2396 V
826 2356 832 2409 Ι
859 2351 1066 2396 uidentis
1096 2353 1146 2407 T,
1176 2352 1398 2396 udentem
1430 2355 1553 2410 (post
1580 2351 1797 2409 amicam)
1825 2353 1888 2410 ΟΠ

122 2436 134 2448 ·
200 2416 226 2456 9
257 2411 309 2456 id
340 2413 412 2456 est
443 2426 527 2458 om.
557 2413 642 2456 TO
671 2414 678 2468 Ι
711 2411 849 2470 talia]
885 2413 1022 2455 tanta
1057 2411 1147 2456 TC
1186 2415 1201 2468 ΙΙ
1249 2416 1304 2455 10
1336 2410 1425 2455 soli
1457 2411 1548 2455 sibi
1582 2411 1784 2468 TC'p·
1823 2413 1888 2469 ΤΙΙ

200 2505 255 2544 11
287 2501 354 2559 et]
383 2501 439 2544 ut
467 2501 595 2545 codd.
624 2504 630 2557 Ι
657 2474 812 2569 ipsium
842 2501 974 2557 (corr.
999 2514 1054 2543 m.
1073 2501 1122 2557 2>
1154 2499 1225 2557 V}
1254 2499 1506 2558 aemulum]
1536 2499 1800 2544 eunuchum
1825 2500 1864 2544 0
1879 2500 1885 2559 Ι

199 2570 351 2646 φιοῗᾱ
388 2589 546 2646 71113
581 2605 635 2632 m
668 2603 751 2634 om.
785 2588 857 2645 V!
885 2601 910 2632 e
930 2613 937 2621 -
957 2602 1009 2631 0·
1048 2589 1116 2645 T!
1143 2587 1300 2645 potuit
1330 2587 1425 2632 dici
1462 2587 1580 2646 Tou
1605 2592 1661 2633 14
1690 2587 1889 2646 phedria

205 2648 289 2693 TO
330 2649 348 2705 ΙΙ
393 2652 448 2692 15
479 2647 627 2692 futuri
658 2663 714 2693 ex
743 2662 868 2691 -rum
898 2661 1010 2692 corr.
1042 2648 1085 2691 T
1119 2648 1127 2705 Ι
1167 2649 1453 2692 metueretur
1486 2647 1523 2693 0
1556 2650 1572 2705 ΙΙ
1610 2651 1667 2692 17
1696 2647 1884 2706 umus]

201 2720 261 2749 n·
300 2708 340 2752 T
361 2708 368 2764 Ι
393 2708 599 2766 tantum]
629 2707 685 2751 tfi
718 2708 761 2752 T
790 2708 806 2764 ΙΙ
841 2710 896 2751 18
927 2707 1092 2765 NEQVE]
1122 2719 1210 2751 nec
1243 2707 1280 2752 Ο
1305 2709 1322 2764 ΙΙ
1353 2711 1409 2750 20
1441 2706 1506 2751 sit
1539 2709 1583 2752 T
1606 2709 1622 2764 ΙΙ
1652 2711 1706 2750 21
1739 2706 1890 2751 forma

202 2764 372 2823 Steph:
404 2765 592 2810 fortuna
621 2767 749 2812 codd.
773 2768 789 2823 ΙΙ
813 2770 869 2809 22
901 2767 956 2809 ut
987 2764 1208 2810 salustius
1241 2765 1384 2823 (salus
1419 2766 1467 2821 Ο,
1499 2765 1580 2810 sal’
1614 2767 1672 2823 T)
1705 2778 1889 2822 quoque

202 2823 380 2868 fatetur
416 2824 642 2882 (fateatur
677 2826 719 2870 T
731 2826 793 2883 V)
831 2824 950 2869 haec
988 2826 1096 2868 sunt
1130 2823 1244 2883 (sint
1285 2825 1332 2882 Ο,
1371 2824 1412 2869 ei
1442 2839 1567 2869 nunc
1604 2825 1667 2882 V)
1698 2822 1888 2868 uirtutis

34 2902 46 2937 χ
202 2881 410 2939 insignia
438 2884 589 2939 codd„
618 2889 792 2941 transp.
819 2883 1091 2929 Mawrenbr.
1137 2885 1153 2942 ΙΙ
1199 2888 1254 2928 23
1284 2886 1444 2930 tamen
1475 2898 1576 2929 esse
1606 2898 1690 2929 om.
1715 2883 1890 2927 Gellius

33 2944 60 3140 ἰ
203 2941 269 2985 ΙΙ
283 2944 361 2998 27,
389 2942 423 2986 2
443 2942 460 2999 ΙΙ
483 2946 540 2987 24
569 2942 798 2988 letabitur
833 2943 920 2988 TC
