2094 3140
263 168 340 211 XL
914 166 1265 211 PRAEFATIO.

262 285 551 342 transcripsit
585 286 660 343 <ad
685 285 824 328 Andr
858 285 941 338 I5,
963 290 1044 327 1—-
992 287 1144 341 -10),
1179 285 1330 328 adhuc
1363 284 1491 328 edita
1521 299 1613 328 non
1646 286 1773 338 sunt3
1806 299 1934 342 mag-

261 360 369 388 nam
402 359 507 388 vero
540 346 718 401 partem
742 343 965 399 Schopen,
999 357 1103 386 cum
1132 357 1170 386 a.
1199 347 1310 386 1851
1337 342 1526 386 Parisiis
1551 346 1822 398 versaretur,
1856 343 1933 388 de-

261 403 442 460 scripsit
475 403 702 458 simulque
734 401 976 446 adnotavit
1005 402 1237 458 pertinere
1268 402 1351 445 illa
1380 405 1596 459 excerpta
1621 403 1681 445 ad
1706 405 1933 446 tractatus

261 463 316 506 de
365 462 602 506 comoedia
641 461 857 517 (Euanth.
882 461 945 503 IV
971 462 1094 515 5sq.)
1137 463 1184 504 et
1221 461 1445 503 Andriam
1483 475 1628 516 usque
1670 462 1730 504 ad
1761 462 1932 517 15,10.

259 523 497 566 Accedunt
538 523 693 564 autem
724 521 839 563 haec
871 519 1047 563 scholia
1078 519 1290 563 Parisina
1330 533 1470 575 quam
1503 520 1707 576 proxime
1742 520 1800 563 ad
1832 534 1936 563 eam

261 581 507 624 commenti
554 580 767 632 formam,
816 591 935 633 quae
981 577 1029 621 in
1078 578 1266 634 optimis
1305 578 1477 622 Donati
1525 579 1760 622 codicibus
1799 579 1934 623 nobis

260 638 436 683 tradita
476 641 568 693 est3
610 652 664 681 ex
705 637 803 693 ipso
836 637 1045 681 Parisino
1080 639 1124 681 A
1156 637 1328 681 Donati
1361 651 1415 681 ea
1447 651 1544 681 esse
1577 638 1810 694 descripta
1840 637 1936 681 iam

260 698 536 742 contendere
583 711 675 740 non
722 695 892 750 ausim,
942 711 1042 740 011111
1091 695 1187 739 sine
1236 695 1376 740 dubio
1427 710 1481 740 ex
1526 696 1775 741 vetustiore
1815 697 1934 741 libro

260 757 485 800 fluxerint.
536 757 602 799 De
634 755 814 798 ratione
847 769 965 810 quae
997 755 1117 798 inter
1141 755 1475 812 Lindenbrogii
1509 755 1831 799 ‘collectanea'
1862 756 1934 800 vel

262 817 494 872 ‘excerpta
525 815 606 857 Ms.
642 814 713 857 R?
757 816 804 857 et
842 813 1018 858 scholia
1050 813 1220 858 codicis
1250 814 1392 857 Paris.
1429 819 1541 858 7899
1574 814 1853 869 intercedat,
1894 830 1932 858 v.

261 889 399 931 supra
432 880 455 928 ξ
482 879 522 929 4,
542 879 580 918 5.

375 1007 443 1049 De
467 1006 542 1048 Eu
553 1021 613 1062 gi
624 1005 790 1061 aphio
814 1005 961 1049 fusius
987 1005 1245 1061 disputavit
1269 1005 1580 1062 Gerstenberg
1603 1006 1631 1049 l.
1652 1020 1687 1050 0.
1706 1022 1749 1062 p.
1770 1011 1823 1049 33
1835 1020 1934 1061 sqq.

259 1065 345 1108 Hic
391 1065 620 1108 monuisse
668 1064 869 1108 sufficiat
907 1064 1058 1108 inesse
1096 1064 1146 1107 in
1183 1066 1343 1108 nostra
1383 1064 1663 1108 scholiorum
1701 1064 1934 1122 farragine

259 1124 507 1180 permulta,
558 1137 675 1178 quae
723 1137 778 1167 ex
824 1123 949 1166 illius
997 1126 1253 1167 commento
1298 1123 1506 1189 derivata
1554 1137 1651 1167 esse
1691 1124 1935 1167 videantur

259 1197 407 1238 neque
462 1183 587 1238 apud
634 1181 954 1239 Eugraphium
1004 1183 1184 1237 deesse,
1239 1196 1358 1238 quae
1404 1181 1629 1238 originem
1675 1183 1936 1226 Donateam

261 1244 417 1298 aperte
449 1255 559 1298 prae
593 1255 639 1285 se
671 1241 837 1286 ferant.
893 1241 1143 1285 Certiorem
1176 1240 1455 1284 sententiam
1485 1244 1584 1284 tum
1617 1242 1800 1285 demum
1831 1255 1934 1298 pro-

259 1302 376 1344 ferre
429 1300 613 1355 licebit,
669 1315 772 1343 cum
819 1314 938 1356 quae
986 1299 1047 1343 sit
1094 1299 1413 1356 Eugraphiani
1461 1300 1708 1344 commenti
1755 1300 1934 1344 indoles

263 1362 402 1415 atque
434 1362 602 1402 natura
633 1359 797 1403 melius
828 1358 1208 1416 perspexerimus.

378 1417 509 1471 Quod
548 1419 608 1461 ad
649 1418 867 1463 scholia
905 1417 1227 1462 recentiora
1266 1417 1489 1474 pertinet,
1530 1432 1724 1473 quorum
1754 1420 1935 1474 partem

260 1477 421 1521 Schlee
461 1477 629 1533 edidit,
669 1477 765 1522 viro
805 1476 1072 1521 doctissimo
1106 1476 1385 1533 adstipulor,
1418 1477 1498 1532 qui
1529 1492 1572 1533 p.
1599 1481 1655 1520 44
1686 1476 1799 1521 haec
1830 1491 1934 1534 pro-

259 1535 390 1579 tulit:
434 1537 556 1579 ‘cum
594 1536 870 1581 Donatianis
909 1550 1082 1593 magna
1119 1535 1372 1579 multitudo
1410 1535 1620 1580 brevium
1658 1535 1936 1580 scholiorum

261 1595 492 1652 congruit,
532 1609 650 1651 quae
687 1598 845 1639 utrum
883 1608 938 1638 ex
975 1594 1075 1652 ipso
1108 1595 1290 1638 Donato
1323 1609 1383 1638 011
1415 1608 1470 1638 ex
1502 1595 1684 1651 eodem,
1725 1609 1814 1651 quo
1854 1595 1935 1638 ille

260 1653 477 1709 hauserit,
509 1654 636 1698 fonte
667 1654 819 1710 petita
850 1654 956 1709 sint,
987 1668 1082 1698 non
1111 1653 1293 1709 liquet’.
1340 1653 1462 1697 Nam
1494 1654 1615 1697 sicut
1645 1653 1744 1697 fieri
1766 1653 1934 1710 potuit,

260 1715 312 1756 ut
350 1713 509 1756 breves
542 1713 652 1757 illae
685 1713 1011 1758 adnotationes
1045 1727 1101 1757 ex
1133 1712 1334 1770 genuino
1366 1712 1539 1756 Donati
1571 1715 1828 1757 commento
1859 1726 1936 1756 ex-

260 1774 570 1828 cerperentur,
610 1773 678 1816 ita
715 1787 809 1817 non
848 1772 1053 1816 alienum
1094 1774 1164 1815 est
1210 1772 1394 1816 credere
1441 1785 1497 1815 ex
1537 1771 1695 1816 codice
1734 1771 1936 1827 quodam

260 1830 446 1874 Ferenti
484 1831 650 1888 glossis
689 1831 915 1876 instructo
954 1830 1187 1888 permulta
1233 1830 1282 1873 in
1326 1832 1533 1875 nostram
1573 1831 1935 1874 commentorum

261 1889 635 1946 compilationem
664 1890 915 1948 irrepsisse.
978 1891 1192 1934 Fortasse
1225 1891 1383 1934 autem
1416 1891 1633 1934 accurata
1657 1888 1935 1934 scholiorum

260 1948 587 2005 Donateorum,
618 1949 959 2003 Bembinorum,
990 1948 1438 2005 Eugraphianorum,
1475 1947 1782 1992 recentiorum
1814 1962 1934 1992 com-

260 2007 501 2108 {aratione
539 1986 756 2053 iristituta
794 2008 959 2053 melius
999 2007 1266 2064 apparebit,
1306 2007 1419 2063 quid
1450 2007 1500 2051 in
1529 2007 1618 2051 hac
1647 2020 1696 2051 re
1728 2010 1935 2051 statuen-

294 2081 369 2109 um
403 2066 476 2111 sit.

1040 2220 1151 2282 ge.

371 2323 451 2371 De
490 2340 675 2372 novae
715 2325 1002 2372 editionis
1043 2324 1331 2372 subsidiis
1369 2325 1810 2385 manuscriptis.

370 2426 445 2474 Ex
477 2428 544 2474 eis
577 2442 702 2488 quae
733 2442 881 2488 supra
916 2424 968 2490 (ξ
987 2421 1043 2492 3)
1070 2429 1378 2489 exposuimus
1411 2429 1530 2475 satis
1562 2427 1780 2488 apparet,
1813 2441 1933 2487 quos

260 2501 572 2561 potissimum
616 2502 668 2547 in
715 2501 1054 2549 constituendo
1090 2502 1282 2548 vDonati
1318 2501 1456 2548 textu
1495 2501 1635 2561 sequi
1673 2499 1932 2547 debeamus

262 2573 411 2621 libros
442 2575 823 2635 manuscriptos:
854 2575 1034 2636 ubique
1065 2574 1468 2636 proficiscendum
1507 2575 1580 2621 est
1611 2589 1640 2620 a
1672 2573 1933 2632 codicibus,

263 2648 349 2708 qui
393 2647 632 2694 immunes
679 2650 793 2694 sunt
839 2647 899 2694 ab
942 2648 1182 2696 Italorum
1219 2648 1403 2696 saeculi
1438 2647 1531 2694 XV
1567 2647 1932 2706 retractatione,

261 2719 314 2767 id
360 2722 433 2767 est
478 2718 584 2767 ΑΒ
597 2714 666 2767 Vl
715 2719 877 2768 Ouiae.
917 2721 1136 2770 RTOF.
1230 2721 1338 2778 Qua
1382 2722 1435 2768 in
1479 2736 1530 2768 re
1577 2719 1933 2783 neglegendum

262 2809 360 2841 non
407 2795 502 2854 est,
549 2793 679 2855 quod
716 2795 818 2841 iam
856 2809 1004 2855 supra
1042 2795 1232 2855 monui,
1277 2795 1329 2841 in
1368 2793 1642 2842 adhibendo
1682 2793 1844 2841 codice
1882 2793 1932 2840 B

264 2866 488 2917 cautione
536 2866 748 2927 quadam
795 2882 915 2929 opus
955 2882 1079 2931 esse3
1125 2867 1298 2915 deinde
1336 2867 1516 2915 codicis
1551 2867 1604 2914 F
1635 2867 1932 2914 testimoniis

265 2955 427 2988 carere
481 2955 738 3002 possumus
789 2943 988 3003 excepta
1034 2941 1192 3004 prima
1239 2941 1502 2990 commenti
1545 2942 1706 3004 parte,
1761 2939 1846 2987 ubi
1894 2939 1936 2988 0
2026 2932 2034 2942 ⁸
