<?xml version="1.0" encoding="UTF-8"?>
<!DOCTYPE html PUBLIC "-//W3C//DTD XHTML 1.0 Transitional//EN"
    "http://www.w3.org/TR/xhtml1/DTD/xhtml1-transitional.dtd">
<html xmlns="http://www.w3.org/1999/xhtml" xml:lang="en" lang="en">
 <head>
  <title>
</title>
<meta http-equiv="Content-Type" content="text/html;charset=utf-8" />
  <meta name='ocr-system' content='tesseract 3.04.00' />
  <meta name='ocr-capabilities' content='ocr_page ocr_carea ocr_par ocr_line ocrx_word'/>
</head>
<body>
  <div class='ocr_page' id='page_1' title='image "./quodferturcommen01donauoft_0008.png"; bbox 0 0 2020 3152; ppageno 0'>
   <div class='ocr_carea' id='block_1_1' title="bbox 164 99 1174 146">
    <p class='ocr_par' dir='ltr' id='par_1_1' title="bbox 164 99 1174 146">
     <span class='ocr_line' id='line_1_1' title="bbox 164 99 1174 146; baseline -0.004 0"><span class='ocrx_word' id='word_1_1' title='bbox 164 103 227 146; x_wconf 89' lang='lat' dir='ltr'>IV</span> <span class='ocrx_word' id='word_1_2' title='bbox 822 99 1174 143; x_wconf 83' lang='lat' dir='ltr'><strong>PRAEFATIO.</strong></span> 
     </span>
    </p>
   </div>
   <div class='ocr_carea' id='block_1_2' title="bbox 163 224 1894 2792">
    <p class='ocr_par' dir='ltr' id='par_1_2' title="bbox 163 224 1894 2792">
     <span class='ocr_line' id='line_1_2' title="bbox 166 224 1838 287; baseline -0.001 -13"><span class='ocrx_word' id='word_1_3' title='bbox 166 228 374 274; x_wconf 89' lang='lat' dir='ltr'>aliorum</span> <span class='ocrx_word' id='word_1_4' title='bbox 391 227 626 273; x_wconf 88' lang='lat' dir='ltr'>librorum</span> <span class='ocrx_word' id='word_1_5' title='bbox 640 241 749 273; x_wconf 89' lang='lat' dir='ltr'>mss.</span> <span class='ocrx_word' id='word_1_6' title='bbox 764 225 994 272; x_wconf 89' lang='lat' dir='ltr'>notitiam</span> <span class='ocrx_word' id='word_1_7' title='bbox 1008 224 1101 272; x_wconf 90' lang='lat' dir='ltr'>sibi</span> <span class='ocrx_word' id='word_1_8' title='bbox 1111 226 1320 285; x_wconf 88' lang='lat' dir='ltr'>paravit.</span> <span class='ocrx_word' id='word_1_9' title='bbox 1356 225 1449 272; x_wconf 84' lang='lat' dir='ltr'>Sed</span> <span class='ocrx_word' id='word_1_10' title='bbox 1462 226 1721 287; x_wconf 86' lang='lat' dir='ltr'>quominus</span> <span class='ocrx_word' id='word_1_11' title='bbox 1735 242 1838 273; x_wconf 86' lang='lat' dir='ltr'>rem</span> 
     </span>
     <span class='ocr_line' id='line_1_3' title="bbox 166 294 1839 360; baseline -0.001 -12"><span class='ocrx_word' id='word_1_12' title='bbox 166 302 453 360; x_wconf 83' lang='lat' dir='ltr'>absolveret,</span> <span class='ocrx_word' id='word_1_13' title='bbox 474 301 576 347; x_wconf 84' lang='lat' dir='ltr'>fata</span> <span class='ocrx_word' id='word_1_14' title='bbox 601 301 771 360; x_wconf 87' lang='lat' dir='ltr'>iniqua</span> <span class='ocrx_word' id='word_1_15' title='bbox 791 298 1161 359; x_wconf 88' lang='lat' dir='ltr'>impediverunt.</span> <span class='ocrx_word' id='word_1_16' title='bbox 1187 325 1247 329; x_wconf 88' lang='lat'>——</span> <span class='ocrx_word' id='word_1_17' title='bbox 1268 298 1412 346; x_wconf 91' lang='lat' dir='ltr'>Anno</span> <span class='ocrx_word' id='word_1_18' title='bbox 1434 299 1573 347; x_wconf 87' lang='grc'>1860</span> <span class='ocrx_word' id='word_1_19' title='bbox 1596 294 1839 347; x_wconf 71' lang='lat' dir='ltr'>‘Suetonii</span> 
     </span>
     <span class='ocr_line' id='line_1_4' title="bbox 167 367 1838 436; baseline 0 -15"><span class='ocrx_word' id='word_1_20' title='bbox 167 375 443 435; x_wconf 82' lang='lat' dir='ltr'>Tranquilli</span> <span class='ocrx_word' id='word_1_21' title='bbox 459 375 653 436; x_wconf 89' lang='lat' dir='ltr'>praeter</span> <span class='ocrx_word' id='word_1_22' title='bbox 671 372 932 419; x_wconf 78' lang='lat' dir='ltr'>Caesarum</span> <span class='ocrx_word' id='word_1_23' title='bbox 948 372 1097 419; x_wconf 88' lang='lat' dir='ltr'>libros</span> <span class='ocrx_word' id='word_1_24' title='bbox 1114 367 1372 433; x_wconf 88' lang='lat' dir='ltr'>reliquiae&#39;</span> <span class='ocrx_word' id='word_1_25' title='bbox 1388 372 1689 433; x_wconf 82' lang='lat' dir='ltr'>prodierunt,</span> <span class='ocrx_word' id='word_1_26' title='bbox 1716 389 1838 434; x_wconf 90' lang='lat' dir='ltr'>quas</span> 
     </span>
     <span class='ocr_line' id='line_1_5' title="bbox 166 445 1838 511; baseline -0.001 -16"><span class='ocrx_word' id='word_1_27' title='bbox 166 449 432 511; x_wconf 83' lang='lat' dir='ltr'>collegerat</span> <span class='ocrx_word' id='word_1_28' title='bbox 448 448 504 494; x_wconf 93' lang='lat' dir='ltr'>A.</span> <span class='ocrx_word' id='word_1_29' title='bbox 517 446 881 494; x_wconf 82' lang='lat' dir='ltr'>Reifferscheid:</span> <span class='ocrx_word' id='word_1_30' title='bbox 901 445 1103 492; x_wconf 82' lang='lat' dir='ltr'>Suetoni</span> <span class='ocrx_word' id='word_1_31' title='bbox 1119 446 1274 492; x_wconf 86' lang='lat' dir='ltr'>vitam</span> <span class='ocrx_word' id='word_1_32' title='bbox 1287 446 1498 506; x_wconf 79' lang='lat' dir='ltr'>Terenti,</span> <span class='ocrx_word' id='word_1_33' title='bbox 1517 463 1640 507; x_wconf 87' lang='lat' dir='ltr'>quae</span> <span class='ocrx_word' id='word_1_34' title='bbox 1653 447 1838 494; x_wconf 88' lang='lat' dir='ltr'>Donati</span> 
     </span>
     <span class='ocr_line' id='line_1_6' title="bbox 167 514 1835 586; baseline -0.001 -18"><span class='ocrx_word' id='word_1_35' title='bbox 167 524 436 569; x_wconf 88' lang='lat' dir='ltr'>commento</span> <span class='ocrx_word' id='word_1_36' title='bbox 457 521 671 581; x_wconf 84' lang='lat' dir='ltr'>praefixa</span> <span class='ocrx_word' id='word_1_37' title='bbox 692 522 776 581; x_wconf 82' lang='lat' dir='ltr'>est,</span> <span class='ocrx_word' id='word_1_38' title='bbox 803 519 1307 566; x_wconf 82' lang='lat' dir='ltr'>ediditFridericus</span> <span class='ocrx_word' id='word_1_39' title='bbox 1325 519 1557 567; x_wconf 86' lang='lat' dir='ltr'>Ritschl</span> <span class='ocrx_word' id='word_1_40' title='bbox 1572 514 1639 586; x_wconf 72' lang='lat' dir='ltr'>(p.</span> <span class='ocrx_word' id='word_1_41' title='bbox 1655 523 1719 569; x_wconf 81' lang='lat'>26</span> <span class='ocrx_word' id='word_1_42' title='bbox 1733 536 1835 582; x_wconf 88' lang='lat' dir='ltr'>sqq.</span> 
     </span>
     <span class='ocr_line' id='line_1_7' title="bbox 167 586 1838 658; baseline -0.001 -16"><span class='ocrx_word' id='word_1_43' title='bbox 167 598 214 641; x_wconf 86' lang='lat' dir='ltr'>et</span> <span class='ocrx_word' id='word_1_44' title='bbox 255 597 355 642; x_wconf 80' lang='lat'>481</span> <span class='ocrx_word' id='word_1_45' title='bbox 371 611 472 655; x_wconf 87' lang='lat' dir='ltr'>sqq.</span> <span class='ocrx_word' id='word_1_46' title='bbox 501 615 568 631; x_wconf 85' lang='lat'>=</span> <span class='ocrx_word' id='word_1_47' title='bbox 595 592 769 654; x_wconf 84' lang='lat' dir='ltr'>Opusc.</span> <span class='ocrx_word' id='word_1_48' title='bbox 810 593 885 639; x_wconf 89' lang='lat' dir='ltr'>III</span> <span class='ocrx_word' id='word_1_49' title='bbox 912 586 1155 658; x_wconf 79' lang='lat' dir='ltr'>204sqq.)</span> <span class='ocrx_word' id='word_1_50' title='bbox 1208 595 1353 655; x_wconf 89' lang='lat' dir='ltr'>atque</span> <span class='ocrx_word' id='word_1_51' title='bbox 1403 594 1527 641; x_wconf 89' lang='lat' dir='ltr'>hanc</span> <span class='ocrx_word' id='word_1_52' title='bbox 1575 594 1838 641; x_wconf 71' lang='lat' dir='ltr'>editionem</span> 
     </span>
     <span class='ocr_line' id='line_1_8' title="bbox 166 667 1836 731; baseline 0 -16"><span class='ocrx_word' id='word_1_53' title='bbox 166 670 360 731; x_wconf 81' lang='lat' dir='ltr'>egregio</span> <span class='ocrx_word' id='word_1_54' title='bbox 406 669 492 714; x_wconf 92' lang='lat' dir='ltr'>illo</span> <span class='ocrx_word' id='word_1_55' title='bbox 541 667 887 715; x_wconf 88' lang='lat' dir='ltr'>commentario</span> <span class='ocrx_word' id='word_1_56' title='bbox 931 667 1186 727; x_wconf 80' lang='lat' dir='ltr'>instruxit,</span> <span class='ocrx_word' id='word_1_57' title='bbox 1231 667 1282 713; x_wconf 93' lang='lat' dir='ltr'>in</span> <span class='ocrx_word' id='word_1_58' title='bbox 1324 683 1418 727; x_wconf 89' lang='lat' dir='ltr'>quo</span> <span class='ocrx_word' id='word_1_59' title='bbox 1457 683 1555 714; x_wconf 91' lang='lat' dir='ltr'>non</span> <span class='ocrx_word' id='word_1_60' title='bbox 1594 667 1738 715; x_wconf 92' lang='lat' dir='ltr'>modo</span> <span class='ocrx_word' id='word_1_61' title='bbox 1779 668 1836 715; x_wconf 89' lang='lat' dir='ltr'>de</span> 
     </span>
     <span class='ocr_line' id='line_1_9' title="bbox 163 739 1836 804; baseline -0.001 -14"><span class='ocrx_word' id='word_1_62' title='bbox 163 744 273 804; x_wconf 87' lang='lat' dir='ltr'>ipsa</span> <span class='ocrx_word' id='word_1_63' title='bbox 311 743 415 789; x_wconf 85' lang='lat' dir='ltr'>vita</span> <span class='ocrx_word' id='word_1_64' title='bbox 456 743 503 788; x_wconf 87' lang='lat' dir='ltr'>et</span> <span class='ocrx_word' id='word_1_65' title='bbox 543 741 599 788; x_wconf 92' lang='lat' dir='ltr'>de</span> <span class='ocrx_word' id='word_1_66' title='bbox 640 756 858 788; x_wconf 85' lang='lat' dir='ltr'>sermone</span> <span class='ocrx_word' id='word_1_67' title='bbox 899 739 1213 800; x_wconf 82' lang='lat' dir='ltr'>Suetoniano,</span> <span class='ocrx_word' id='word_1_68' title='bbox 1252 753 1421 788; x_wconf 84' lang='lat' dir='ltr'>verum</span> <span class='ocrx_word' id='word_1_69' title='bbox 1462 743 1610 788; x_wconf 85' lang='lat' dir='ltr'>etiam</span> <span class='ocrx_word' id='word_1_70' title='bbox 1649 742 1706 788; x_wconf 90' lang='lat' dir='ltr'>de</span> <span class='ocrx_word' id='word_1_71' title='bbox 1738 741 1836 789; x_wconf 93' lang='lat' dir='ltr'>Do-</span> 
     </span>
     <span class='ocr_line' id='line_1_10' title="bbox 169 813 1838 875; baseline -0.001 -12"><span class='ocrx_word' id='word_1_72' title='bbox 169 818 275 863; x_wconf 84' lang='lat' dir='ltr'>nati</span> <span class='ocrx_word' id='word_1_73' title='bbox 338 815 579 862; x_wconf 78' lang='lat' dir='ltr'>codicibus</span> <span class='ocrx_word' id='word_1_74' title='bbox 640 813 982 875; x_wconf 86' lang='lat' dir='ltr'>veteribusque</span> <span class='ocrx_word' id='word_1_75' title='bbox 1046 814 1339 862; x_wconf 71' lang='lat' dir='ltr'>editionibus</span> <span class='ocrx_word' id='word_1_76' title='bbox 1401 814 1643 862; x_wconf 74' lang='lat' dir='ltr'>disseruit.</span> <span class='ocrx_word' id='word_1_77' title='bbox 1744 815 1838 870; x_wconf 84' lang='lat' dir='ltr'>Qui</span> 
     </span>
     <span class='ocr_line' id='line_1_11' title="bbox 167 888 1840 951; baseline 0 -15"><span class='ocrx_word' id='word_1_78' title='bbox 167 906 313 951; x_wconf 85' lang='lat' dir='ltr'>quam</span> <span class='ocrx_word' id='word_1_79' title='bbox 346 889 592 950; x_wconf 88' lang='lat' dir='ltr'>praeclare</span> <span class='ocrx_word' id='word_1_80' title='bbox 625 888 682 935; x_wconf 91' lang='lat' dir='ltr'>de</span> <span class='ocrx_word' id='word_1_81' title='bbox 714 888 806 934; x_wconf 87' lang='lat' dir='ltr'>hac</span> <span class='ocrx_word' id='word_1_82' title='bbox 838 889 1100 934; x_wconf 76' lang='lat' dir='ltr'>commenti</span> <span class='ocrx_word' id='word_1_83' title='bbox 1129 890 1269 949; x_wconf 89' lang='lat' dir='ltr'>parte</span> <span class='ocrx_word' id='word_1_84' title='bbox 1300 889 1502 936; x_wconf 91' lang='lat' dir='ltr'>meritus</span> <span class='ocrx_word' id='word_1_85' title='bbox 1532 890 1610 949; x_wconf 83' lang='lat' dir='ltr'>sit,</span> <span class='ocrx_word' id='word_1_86' title='bbox 1642 905 1739 936; x_wconf 91' lang='lat' dir='ltr'>non</span> <span class='ocrx_word' id='word_1_87' title='bbox 1765 892 1840 936; x_wconf 90' lang='lat' dir='ltr'>est</span> 
     </span>
     <span class='ocr_line' id='line_1_12' title="bbox 167 961 1837 1025; baseline 0.001 -16"><span class='ocrx_word' id='word_1_88' title='bbox 167 963 296 1025; x_wconf 89' lang='lat' dir='ltr'>quod</span> <span class='ocrx_word' id='word_1_89' title='bbox 327 963 614 1025; x_wconf 84' lang='lat' dir='ltr'>praedicem.</span> <span class='ocrx_word' id='word_1_90' title='bbox 640 988 711 994; x_wconf 91' lang='lat'>—</span> <span class='ocrx_word' id='word_1_91' title='bbox 737 961 989 1022; x_wconf 82' lang='lat' dir='ltr'>Schopeno</span> <span class='ocrx_word' id='word_1_92' title='bbox 1023 978 1063 1008; x_wconf 89' lang='lat' dir='ltr'>a.</span> <span class='ocrx_word' id='word_1_93' title='bbox 1093 963 1230 1010; x_wconf 86' lang='lat'>1867</span> <span class='ocrx_word' id='word_1_94' title='bbox 1264 964 1457 1010; x_wconf 87' lang='lat' dir='ltr'>mortuo</span> <span class='ocrx_word' id='word_1_95' title='bbox 1481 961 1680 1010; x_wconf 88' lang='lat' dir='ltr'>heredes</span> <span class='ocrx_word' id='word_1_96' title='bbox 1704 964 1837 1010; x_wconf 91' lang='lat' dir='ltr'>illius</span> 
     </span>
     <span class='ocr_line' id='line_1_13' title="bbox 166 1035 1836 1098; baseline -0.001 -14"><span class='ocrx_word' id='word_1_97' title='bbox 166 1037 364 1084; x_wconf 75' lang='lat' dir='ltr'>schedas</span> <span class='ocrx_word' id='word_1_98' title='bbox 411 1036 679 1098; x_wconf 84' lang='lat' dir='ltr'>Augusto</span> <span class='ocrx_word' id='word_1_99' title='bbox 718 1035 1157 1083; x_wconf 85' lang='lat' dir='ltr'>Reifferscheid</span> <span class='ocrx_word' id='word_1_100' title='bbox 1202 1036 1528 1097; x_wconf 74' lang='lat' dir='ltr'>tradiderant,</span> <span class='ocrx_word' id='word_1_101' title='bbox 1578 1038 1662 1097; x_wconf 88' lang='lat' dir='ltr'>qui</span> <span class='ocrx_word' id='word_1_102' title='bbox 1709 1052 1836 1084; x_wconf 89' lang='lat' dir='ltr'>anno</span> 
     </span>
     <span class='ocr_line' id='line_1_14' title="bbox 170 1109 1837 1171; baseline 0 -14"><span class='ocrx_word' id='word_1_103' title='bbox 170 1112 307 1157; x_wconf 85' lang='lat'>1868</span> <span class='ocrx_word' id='word_1_104' title='bbox 350 1109 660 1156; x_wconf 81' lang='lat' dir='ltr'>universitati</span> <span class='ocrx_word' id='word_1_105' title='bbox 698 1109 945 1156; x_wconf 89' lang='lat' dir='ltr'>Bonnensi</span> <span class='ocrx_word' id='word_1_106' title='bbox 992 1109 1385 1156; x_wconf 85' lang='lat' dir='ltr'>semisaecularia</span> <span class='ocrx_word' id='word_1_107' title='bbox 1426 1110 1690 1158; x_wconf 85' lang='lat' dir='ltr'>celebranti</span> <span class='ocrx_word' id='word_1_108' title='bbox 1731 1126 1837 1171; x_wconf 87' lang='lat' dir='ltr'>spe-</span> 
     </span>
     <span class='ocr_line' id='line_1_15' title="bbox 166 1182 1894 1245; baseline 0.001 -15"><span class='ocrx_word' id='word_1_109' title='bbox 166 1185 322 1231; x_wconf 86' lang='lat' dir='ltr'>cimen</span> <span class='ocrx_word' id='word_1_110' title='bbox 375 1198 529 1230; x_wconf 83' lang='lat' dir='ltr'>novae</span> <span class='ocrx_word' id='word_1_111' title='bbox 578 1183 806 1230; x_wconf 89' lang='lat' dir='ltr'>editionis</span> <span class='ocrx_word' id='word_1_112' title='bbox 854 1182 1118 1242; x_wconf 87' lang='lat' dir='ltr'>dedicavit,</span> <span class='ocrx_word' id='word_1_113' title='bbox 1174 1183 1303 1243; x_wconf 90' lang='lat' dir='ltr'>quod</span> <span class='ocrx_word' id='word_1_114' title='bbox 1347 1183 1400 1231; x_wconf 91' lang='lat' dir='ltr'>in</span> <span class='ocrx_word' id='word_1_115' title='bbox 1443 1184 1694 1245; x_wconf 89' lang='lat' dir='ltr'>publicum</span> <span class='ocrx_word' id='word_1_116' title='bbox 1740 1200 1838 1231; x_wconf 91' lang='lat' dir='ltr'>non</span> <span class='ocrx_word' id='word_1_117' title='bbox 1890 1193 1894 1195; x_wconf 78' lang='grc'><strong>’</strong></span> 
     </span>
     <span class='ocr_line' id='line_1_16' title="bbox 166 1251 1838 1319; baseline -0.001 -14"><span class='ocrx_word' id='word_1_118' title='bbox 166 1258 362 1319; x_wconf 88' lang='lat' dir='ltr'>prodiit.</span> <span class='ocrx_word' id='word_1_119' title='bbox 440 1257 599 1303; x_wconf 88' lang='lat' dir='ltr'>Huius</span> <span class='ocrx_word' id='word_1_120' title='bbox 646 1257 821 1304; x_wconf 90' lang='lat' dir='ltr'>titulus</span> <span class='ocrx_word' id='word_1_121' title='bbox 870 1259 943 1304; x_wconf 92' lang='lat' dir='ltr'>est</span> <span class='ocrx_word' id='word_1_122' title='bbox 982 1251 1115 1303; x_wconf 67' lang='lat' dir='ltr'>eAeli</span> <span class='ocrx_word' id='word_1_123' title='bbox 1153 1256 1338 1303; x_wconf 85' lang='lat' dir='ltr'>Donati</span> <span class='ocrx_word' id='word_1_124' title='bbox 1377 1259 1424 1304; x_wconf 92' lang='lat' dir='ltr'>et</span> <span class='ocrx_word' id='word_1_125' title='bbox 1464 1258 1672 1305; x_wconf 87' lang='lat' dir='ltr'>aliorum</span> <span class='ocrx_word' id='word_1_126' title='bbox 1711 1273 1838 1306; x_wconf 88' lang='lat' dir='ltr'>com·</span> 
     </span>
     <span class='ocr_line' id='line_1_17' title="bbox 166 1329 1839 1393; baseline 0 -14"><span class='ocrx_word' id='word_1_127' title='bbox 166 1334 331 1379; x_wconf 83' lang='lat' dir='ltr'>menta</span> <span class='ocrx_word' id='word_1_128' title='bbox 362 1332 414 1377; x_wconf 92' lang='lat' dir='ltr'>in</span> <span class='ocrx_word' id='word_1_129' title='bbox 439 1331 733 1378; x_wconf 88' lang='lat' dir='ltr'>Terentium.</span> <span class='ocrx_word' id='word_1_130' title='bbox 787 1329 1063 1378; x_wconf 88' lang='lat' dir='ltr'>Ludovicus</span> <span class='ocrx_word' id='word_1_131' title='bbox 1090 1330 1371 1392; x_wconf 82' lang='lat' dir='ltr'>Schopenus</span> <span class='ocrx_word' id='word_1_132' title='bbox 1404 1333 1645 1393; x_wconf 86' lang='lat' dir='ltr'>apparatu</span> <span class='ocrx_word' id='word_1_133' title='bbox 1670 1332 1839 1379; x_wconf 87' lang='lat' dir='ltr'>critico</span> 
     </span>
     <span class='ocr_line' id='line_1_18' title="bbox 164 1400 1840 1466; baseline 0 -14"><span class='ocrx_word' id='word_1_134' title='bbox 164 1406 411 1465; x_wconf 84' lang='lat' dir='ltr'>instruxit,</span> <span class='ocrx_word' id='word_1_135' title='bbox 442 1405 695 1466; x_wconf 87' lang='lat' dir='ltr'>Augustus</span> <span class='ocrx_word' id='word_1_136' title='bbox 726 1404 1071 1452; x_wconf 84' lang='lat' dir='ltr'>Reifferscheid</span> <span class='ocrx_word' id='word_1_137' title='bbox 1101 1400 1385 1465; x_wconf 83' lang='lat' dir='ltr'>recensuit&#39;3</span> <span class='ocrx_word' id='word_1_138' title='bbox 1426 1406 1642 1452; x_wconf 90' lang='lat' dir='ltr'>continet</span> <span class='ocrx_word' id='word_1_139' title='bbox 1674 1408 1840 1453; x_wconf 86' lang='lat' dir='ltr'>autem</span> 
     </span>
     <span class='ocr_line' id='line_1_19' title="bbox 166 1473 1838 1545; baseline 0 -19"><span class='ocrx_word' id='word_1_140' title='bbox 166 1479 321 1526; x_wconf 89' lang='lat' dir='ltr'>vitam</span> <span class='ocrx_word' id='word_1_141' title='bbox 360 1479 556 1526; x_wconf 88' lang='lat' dir='ltr'>Terenti</span> <span class='ocrx_word' id='word_1_142' title='bbox 596 1480 645 1526; x_wconf 91' lang='lat' dir='ltr'>et</span> <span class='ocrx_word' id='word_1_143' title='bbox 683 1478 919 1526; x_wconf 83' lang='lat' dir='ltr'>Euanthii</span> <span class='ocrx_word' id='word_1_144' title='bbox 954 1480 1225 1525; x_wconf 79' lang='lat' dir='ltr'>tractatum</span> <span class='ocrx_word' id='word_1_145' title='bbox 1263 1494 1417 1540; x_wconf 91' lang='lat' dir='ltr'>usque</span> <span class='ocrx_word' id='word_1_146' title='bbox 1456 1478 1518 1525; x_wconf 87' lang='lat' dir='ltr'>ad</span> <span class='ocrx_word' id='word_1_147' title='bbox 1557 1478 1607 1526; x_wconf 89' lang='lat' dir='ltr'>H</span> <span class='ocrx_word' id='word_1_148' title='bbox 1635 1481 1661 1526; x_wconf 89' lang='grc'>7</span> <span class='ocrx_word' id='word_1_149' title='bbox 1706 1473 1838 1545; x_wconf 53' lang='grc' dir='ltr'>((Τθ·</span> 
     </span>
     <span class='ocr_line' id='line_1_20' title="bbox 164 1545 1840 1617; baseline 0.001 -18"><span class='ocrx_word' id='word_1_150' title='bbox 164 1553 390 1613; x_wconf 89' lang='lat' dir='ltr'>rentique</span> <span class='ocrx_word' id='word_1_151' title='bbox 430 1555 515 1599; x_wconf 90' lang='lat' dir='ltr'>est.</span> <span class='ocrx_word' id='word_1_152' title='bbox 556 1552 614 1599; x_wconf 90' lang='lat' dir='ltr'>de</span> <span class='ocrx_word' id='word_1_153' title='bbox 653 1568 751 1613; x_wconf 86' lang='lat' dir='ltr'>qua</span> <span class='ocrx_word' id='word_1_154' title='bbox 790 1545 958 1617; x_wconf 88' lang='lat' dir='ltr'>cum&#39;).</span> <span class='ocrx_word' id='word_1_155' title='bbox 1018 1551 1074 1598; x_wconf 90' lang='lat' dir='ltr'>In</span> <span class='ocrx_word' id='word_1_156' title='bbox 1118 1554 1361 1614; x_wconf 84' lang='lat' dir='ltr'>apparatu</span> <span class='ocrx_word' id='word_1_157' title='bbox 1400 1553 1568 1600; x_wconf 85' lang='lat' dir='ltr'>critico</span> <span class='ocrx_word' id='word_1_158' title='bbox 1607 1554 1840 1600; x_wconf 88' lang='lat' dir='ltr'>lectiones</span> 
     </span>
     <span class='ocr_line' id='line_1_21' title="bbox 167 1624 1841 1687; baseline 0.001 -14"><span class='ocrx_word' id='word_1_159' title='bbox 167 1626 346 1674; x_wconf 88' lang='lat' dir='ltr'>codicis</span> <span class='ocrx_word' id='word_1_160' title='bbox 371 1625 583 1673; x_wconf 85' lang='lat' dir='ltr'>Parisini</span> <span class='ocrx_word' id='word_1_161' title='bbox 606 1624 656 1672; x_wconf 83' lang='lat' dir='ltr'><strong><em>A</em></strong></span> <span class='ocrx_word' id='word_1_162' title='bbox 687 1628 736 1673; x_wconf 91' lang='lat' dir='ltr'>et</span> <span class='ocrx_word' id='word_1_163' title='bbox 768 1625 995 1674; x_wconf 81' lang='lat' dir='ltr'>editionis</span> <span class='ocrx_word' id='word_1_164' title='bbox 1024 1625 1262 1687; x_wconf 85' lang='lat' dir='ltr'>principis</span> <span class='ocrx_word' id='word_1_165' title='bbox 1287 1628 1515 1674; x_wconf 86' lang='lat' dir='ltr'>enotatae</span> <span class='ocrx_word' id='word_1_166' title='bbox 1540 1628 1667 1674; x_wconf 91' lang='lat' dir='ltr'>sunt.</span> <span class='ocrx_word' id='word_1_167' title='bbox 1715 1627 1841 1674; x_wconf 84' lang='lat' dir='ltr'>Tum</span> 
     </span>
     <span class='ocr_line' id='line_1_22' title="bbox 169 1693 1841 1749; baseline 0.001 -3"><span class='ocrx_word' id='word_1_168' title='bbox 169 1715 210 1747; x_wconf 85' lang='lat' dir='ltr'>a.</span> <span class='ocrx_word' id='word_1_169' title='bbox 242 1701 381 1747; x_wconf 84' lang='lat'>1874</span> <span class='ocrx_word' id='word_1_170' title='bbox 415 1702 463 1747; x_wconf 92' lang='lat' dir='ltr'>et</span> <span class='ocrx_word' id='word_1_171' title='bbox 498 1701 636 1747; x_wconf 85' lang='lat'>1875</span> <span class='ocrx_word' id='word_1_172' title='bbox 677 1693 1022 1748; x_wconf 85' lang='lat' dir='ltr'>Reifferscheid</span> <span class='ocrx_word' id='word_1_173' title='bbox 1060 1699 1302 1747; x_wconf 89' lang='lat' dir='ltr'>indicibus</span> <span class='ocrx_word' id='word_1_174' title='bbox 1342 1699 1619 1747; x_wconf 89' lang='lat' dir='ltr'>scholarum</span> <span class='ocrx_word' id='word_1_175' title='bbox 1649 1700 1841 1749; x_wconf 88' lang='lat' dir='ltr'>Vratis-</span> 
     </span>
     <span class='ocr_line' id='line_1_23' title="bbox 169 1769 1842 1834; baseline 0.001 -14"><span class='ocrx_word' id='word_1_176' title='bbox 169 1773 468 1822; x_wconf 83' lang='lat' dir='ltr'>laviensibus</span> <span class='ocrx_word' id='word_1_177' title='bbox 501 1773 620 1821; x_wconf 88' lang='lat' dir='ltr'>duos</span> <span class='ocrx_word' id='word_1_178' title='bbox 644 1774 835 1822; x_wconf 86' lang='lat' dir='ltr'>libellos</span> <span class='ocrx_word' id='word_1_179' title='bbox 861 1773 1099 1834; x_wconf 86' lang='lat' dir='ltr'>adiunxit,</span> <span class='ocrx_word' id='word_1_180' title='bbox 1132 1788 1339 1834; x_wconf 82' lang='lat' dir='ltr'>quorum</span> <span class='ocrx_word' id='word_1_181' title='bbox 1365 1774 1518 1821; x_wconf 86' lang='lat' dir='ltr'>altero</span> <span class='ocrx_word' id='word_1_182' title='bbox 1545 1769 1842 1822; x_wconf 77' lang='lat' dir='ltr'>‘Euanthius</span> 
     </span>
     <span class='ocr_line' id='line_1_24' title="bbox 171 1842 1841 1907; baseline 0 -13"><span class='ocrx_word' id='word_1_183' title='bbox 171 1850 219 1894; x_wconf 90' lang='lat' dir='ltr'>et</span> <span class='ocrx_word' id='word_1_184' title='bbox 268 1846 454 1895; x_wconf 89' lang='lat' dir='ltr'>Donati</span> <span class='ocrx_word' id='word_1_185' title='bbox 509 1850 834 1895; x_wconf 88' lang='lat' dir='ltr'>commentum</span> <span class='ocrx_word' id='word_1_186' title='bbox 887 1847 945 1895; x_wconf 90' lang='lat' dir='ltr'>de</span> <span class='ocrx_word' id='word_1_187' title='bbox 1001 1842 1284 1907; x_wconf 86' lang='lat' dir='ltr'>comoedia&#39;,</span> <span class='ocrx_word' id='word_1_188' title='bbox 1339 1847 1492 1894; x_wconf 84' lang='lat' dir='ltr'>altero</span> <span class='ocrx_word' id='word_1_189' title='bbox 1540 1842 1743 1894; x_wconf 67' lang='lat' dir='ltr'>‘Donati</span> <span class='ocrx_word' id='word_1_190' title='bbox 1788 1850 1841 1894; x_wconf 93' lang='lat' dir='ltr'>in</span> 
     </span>
     <span class='ocr_line' id='line_1_25' title="bbox 170 1916 1840 1983; baseline 0.001 -16"><span class='ocrx_word' id='word_1_191' title='bbox 170 1923 443 1968; x_wconf 82' lang='lat' dir='ltr'>commenta</span> <span class='ocrx_word' id='word_1_192' title='bbox 483 1921 775 1968; x_wconf 83' lang='lat' dir='ltr'>Terentiana</span> <span class='ocrx_word' id='word_1_193' title='bbox 821 1916 1169 1983; x_wconf 82' lang='lat' dir='ltr'>praefationes&#39;</span> <span class='ocrx_word' id='word_1_194' title='bbox 1218 1920 1540 1968; x_wconf 89' lang='lat' dir='ltr'>continentur.</span> <span class='ocrx_word' id='word_1_195' title='bbox 1617 1920 1690 1968; x_wconf 90' lang='lat' dir='ltr'>De</span> <span class='ocrx_word' id='word_1_196' title='bbox 1730 1921 1840 1968; x_wconf 91' lang='lat' dir='ltr'>sub-</span> 
     </span>
     <span class='ocr_line' id='line_1_26' title="bbox 168 1994 1841 2057; baseline 0 -15"><span class='ocrx_word' id='word_1_197' title='bbox 168 1994 304 2042; x_wconf 87' lang='lat' dir='ltr'>sidiis</span> <span class='ocrx_word' id='word_1_198' title='bbox 352 1995 451 2042; x_wconf 90' lang='lat' dir='ltr'>suis</span> <span class='ocrx_word' id='word_1_199' title='bbox 498 2011 656 2055; x_wconf 86' lang='lat' dir='ltr'>pauca</span> <span class='ocrx_word' id='word_1_200' title='bbox 699 1995 951 2057; x_wconf 85' lang='lat' dir='ltr'>praefatus</span> <span class='ocrx_word' id='word_1_201' title='bbox 999 1997 1074 2042; x_wconf 87' lang='lat' dir='ltr'>est</span> <span class='ocrx_word' id='word_1_202' title='bbox 1109 1995 1287 2056; x_wconf 88' lang='lat' dir='ltr'>prioris</span> <span class='ocrx_word' id='word_1_203' title='bbox 1326 1994 1548 2055; x_wconf 92' lang='lat' dir='ltr'>opusculi</span> <span class='ocrx_word' id='word_1_204' title='bbox 1586 2011 1631 2055; x_wconf 90' lang='lat' dir='ltr'>p.</span> <span class='ocrx_word' id='word_1_205' title='bbox 1676 1996 1841 2056; x_wconf 77' lang='lat'>1-—23</span> 
     </span>
     <span class='ocr_line' id='line_1_27' title="bbox 169 2067 1843 2131; baseline 0.001 -17"><span class='ocrx_word' id='word_1_206' title='bbox 169 2070 310 2115; x_wconf 89' lang='lat' dir='ltr'>erant</span> <span class='ocrx_word' id='word_1_207' title='bbox 348 2070 511 2115; x_wconf 83' lang='lat' dir='ltr'>autem</span> <span class='ocrx_word' id='word_1_208' title='bbox 550 2068 717 2116; x_wconf 79' lang='lat' dir='ltr'>eadem</span> <span class='ocrx_word' id='word_1_209' title='bbox 749 2084 873 2130; x_wconf 87' lang='lat' dir='ltr'>quae</span> <span class='ocrx_word' id='word_1_210' title='bbox 907 2068 1128 2130; x_wconf 86' lang='lat' dir='ltr'>Sohopen</span> <span class='ocrx_word' id='word_1_211' title='bbox 1161 2070 1481 2131; x_wconf 82' lang='lat' dir='ltr'>congesserat.</span> <span class='ocrx_word' id='word_1_212' title='bbox 1543 2067 1696 2115; x_wconf 87' lang='lat' dir='ltr'>Paulo</span> <span class='ocrx_word' id='word_1_213' title='bbox 1729 2072 1843 2130; x_wconf 87' lang='lat' dir='ltr'>post</span> 
     </span>
     <span class='ocr_line' id='line_1_28' title="bbox 171 2135 1842 2207; baseline 0.001 -19"><span class='ocrx_word' id='word_1_214' title='bbox 171 2136 236 2205; x_wconf 84' lang='lat' dir='ltr'>(a.</span> <span class='ocrx_word' id='word_1_215' title='bbox 297 2135 461 2207; x_wconf 82' lang='grc'>1876)</span> <span class='ocrx_word' id='word_1_216' title='bbox 510 2142 855 2190; x_wconf 86' lang='lat' dir='ltr'>Reifferscheid</span> <span class='ocrx_word' id='word_1_217' title='bbox 899 2142 1178 2190; x_wconf 86' lang='lat' dir='ltr'>Parisinum</span> <span class='ocrx_word' id='word_1_218' title='bbox 1215 2141 1265 2189; x_wconf 86' lang='lat' dir='ltr'><strong><em>A</em></strong></span> <span class='ocrx_word' id='word_1_219' title='bbox 1310 2143 1490 2189; x_wconf 83' lang='lat' dir='ltr'>iterum</span> <span class='ocrx_word' id='word_1_220' title='bbox 1537 2142 1746 2189; x_wconf 85' lang='lat' dir='ltr'>contulit</span> <span class='ocrx_word' id='word_1_221' title='bbox 1793 2145 1842 2190; x_wconf 90' lang='lat' dir='ltr'>et</span> 
     </span>
     <span class='ocr_line' id='line_1_29' title="bbox 170 2214 1842 2278; baseline 0 -16"><span class='ocrx_word' id='word_1_222' title='bbox 170 2231 211 2262; x_wconf 85' lang='lat' dir='ltr'>a.</span> <span class='ocrx_word' id='word_1_223' title='bbox 249 2216 386 2263; x_wconf 89' lang='grc'>1879</span> <span class='ocrx_word' id='word_1_224' title='bbox 418 2214 737 2278; x_wconf 83' lang='lat' dir='ltr'>Georgium</span> <span class='ocrx_word' id='word_1_225' title='bbox 766 2217 1052 2264; x_wconf 86' lang='lat' dir='ltr'>Wissowa</span> <span class='ocrx_word' id='word_1_226' title='bbox 1092 2231 1266 2278; x_wconf 85' lang='lat' dir='ltr'>operae</span> <span class='ocrx_word' id='word_1_227' title='bbox 1306 2217 1490 2263; x_wconf 90' lang='lat' dir='ltr'>socium</span> <span class='ocrx_word' id='word_1_228' title='bbox 1528 2215 1621 2262; x_wconf 90' lang='lat' dir='ltr'>sibi</span> <span class='ocrx_word' id='word_1_229' title='bbox 1654 2231 1842 2263; x_wconf 84' lang='lat' dir='ltr'>assum-</span> 
     </span>
     <span class='ocr_line' id='line_1_30' title="bbox 168 2289 1840 2350; baseline 0 -15"><span class='ocrx_word' id='word_1_230' title='bbox 168 2289 285 2350; x_wconf 87' lang='lat' dir='ltr'>psit,</span> <span class='ocrx_word' id='word_1_231' title='bbox 325 2289 410 2350; x_wconf 89' lang='lat' dir='ltr'>qui</span> <span class='ocrx_word' id='word_1_232' title='bbox 447 2289 588 2336; x_wconf 86' lang='lat' dir='ltr'>annis</span> <span class='ocrx_word' id='word_1_233' title='bbox 630 2290 767 2337; x_wconf 80' lang='lat'>1882</span> <span class='ocrx_word' id='word_1_234' title='bbox 810 2291 860 2337; x_wconf 92' lang='lat' dir='ltr'>et</span> <span class='ocrx_word' id='word_1_235' title='bbox 901 2290 1039 2338; x_wconf 87' lang='lat'>1883</span> <span class='ocrx_word' id='word_1_236' title='bbox 1079 2290 1232 2337; x_wconf 81' lang='lat' dir='ltr'>&#39;libros</span> <span class='ocrx_word' id='word_1_237' title='bbox 1269 2289 1626 2350; x_wconf 88' lang='lat' dir='ltr'>manuscriptos</span> <span class='ocrx_word' id='word_1_238' title='bbox 1666 2289 1750 2350; x_wconf 91' lang='lat' dir='ltr'>qui</span> <span class='ocrx_word' id='word_1_239' title='bbox 1789 2290 1840 2335; x_wconf 91' lang='lat' dir='ltr'>in</span> 
     </span>
     <span class='ocr_line' id='line_1_31' title="bbox 168 2361 1842 2425; baseline 0.001 -17"><span class='ocrx_word' id='word_1_240' title='bbox 168 2361 344 2409; x_wconf 80' lang='lat' dir='ltr'>Italiae</span> <span class='ocrx_word' id='word_1_241' title='bbox 366 2361 673 2411; x_wconf 88' lang='lat' dir='ltr'>bibliothecis</span> <span class='ocrx_word' id='word_1_242' title='bbox 699 2366 1012 2412; x_wconf 82' lang='lat' dir='ltr'>asservantur</span> <span class='ocrx_word' id='word_1_243' title='bbox 1034 2364 1355 2424; x_wconf 82' lang='lat' dir='ltr'>perlustravit</span> <span class='ocrx_word' id='word_1_244' title='bbox 1369 2365 1656 2425; x_wconf 88' lang='lat' dir='ltr'>partemque</span> <span class='ocrx_word' id='word_1_245' title='bbox 1674 2377 1842 2409; x_wconf 89' lang='lat' dir='ltr'>eorum</span> 
     </span>
     <span class='ocr_line' id='line_1_32' title="bbox 171 2428 1842 2501; baseline 0.001 -19"><span class='ocrx_word' id='word_1_246' title='bbox 171 2428 244 2500; x_wconf 83' lang='lat' dir='ltr'>(B</span> <span class='ocrx_word' id='word_1_247' title='bbox 265 2435 346 2482; x_wconf 87' lang='lat' dir='ltr'>Vd</span> <span class='ocrx_word' id='word_1_248' title='bbox 355 2429 406 2501; x_wconf 80' lang='lat' dir='ltr'>q)</span> <span class='ocrx_word' id='word_1_249' title='bbox 445 2437 667 2483; x_wconf 84' lang='lat' dir='ltr'>excussit.</span> <span class='ocrx_word' id='word_1_250' title='bbox 738 2435 833 2484; x_wconf 80' lang='lat' dir='ltr'>Sed</span> <span class='ocrx_word' id='word_1_251' title='bbox 867 2453 927 2484; x_wconf 90' lang='lat' dir='ltr'>ne</span> <span class='ocrx_word' id='word_1_252' title='bbox 958 2437 1352 2485; x_wconf 77' lang='lat' dir='ltr'>Reifferscheidio</span> <span class='ocrx_word' id='word_1_253' title='bbox 1392 2436 1589 2498; x_wconf 91' lang='lat' dir='ltr'>quidem</span> <span class='ocrx_word' id='word_1_254' title='bbox 1620 2436 1842 2498; x_wconf 84' lang='lat' dir='ltr'>contigit,</span> 
     </span>
     <span class='ocr_line' id='line_1_33' title="bbox 170 2509 1841 2571; baseline 0.001 -17"><span class='ocrx_word' id='word_1_255' title='bbox 170 2510 227 2555; x_wconf 88' lang='lat' dir='ltr'>ut</span> <span class='ocrx_word' id='word_1_256' title='bbox 257 2519 406 2569; x_wconf 79' lang='lat' dir='ltr'>quam</span> <span class='ocrx_word' id='word_1_257' title='bbox 435 2509 752 2558; x_wconf 70' lang='lat' dir='ltr'>incohaverat</span> <span class='ocrx_word' id='word_1_258' title='bbox 773 2510 960 2559; x_wconf 84' lang='lat' dir='ltr'>Donati</span> <span class='ocrx_word' id='word_1_259' title='bbox 991 2510 1256 2559; x_wconf 88' lang='lat' dir='ltr'>editionem</span> <span class='ocrx_word' id='word_1_260' title='bbox 1279 2509 1342 2558; x_wconf 86' lang='lat' dir='ltr'>ad</span> <span class='ocrx_word' id='word_1_261' title='bbox 1365 2510 1511 2558; x_wconf 92' lang='lat' dir='ltr'>finem</span> <span class='ocrx_word' id='word_1_262' title='bbox 1533 2509 1841 2571; x_wconf 85' lang='lat' dir='ltr'>perduceret:</span> 
     </span>
     <span class='ocr_line' id='line_1_34' title="bbox 171 2577 1840 2649; baseline 0.001 -21"><span class='ocrx_word' id='word_1_263' title='bbox 171 2597 212 2628; x_wconf 83' lang='lat' dir='ltr'>a.</span> <span class='ocrx_word' id='word_1_264' title='bbox 242 2582 379 2629; x_wconf 88' lang='lat'>1887</span> <span class='ocrx_word' id='word_1_265' title='bbox 419 2585 733 2643; x_wconf 80' lang='lat' dir='ltr'>praematura</span> <span class='ocrx_word' id='word_1_266' title='bbox 762 2586 919 2632; x_wconf 90' lang='lat' dir='ltr'>morte</span> <span class='ocrx_word' id='word_1_267' title='bbox 951 2585 1237 2646; x_wconf 89' lang='lat' dir='ltr'>absumptus</span> <span class='ocrx_word' id='word_1_268' title='bbox 1269 2585 1343 2632; x_wconf 89' lang='lat' dir='ltr'>est</span> <span class='ocrx_word' id='word_1_269' title='bbox 1373 2577 1458 2649; x_wconf 85' lang='lat' dir='ltr'>(cf.</span> <span class='ocrx_word' id='word_1_270' title='bbox 1482 2583 1658 2630; x_wconf 87' lang='lat' dir='ltr'>Annal.</span> <span class='ocrx_word' id='word_1_271' title='bbox 1683 2583 1840 2646; x_wconf 87' lang='lat' dir='ltr'>biogr.</span> 
     </span>
     <span class='ocr_line' id='line_1_35' title="bbox 170 2649 1840 2722; baseline 0 -20"><span class='ocrx_word' id='word_1_272' title='bbox 170 2654 267 2702; x_wconf 90' lang='lat' dir='ltr'>XII</span> <span class='ocrx_word' id='word_1_273' title='bbox 292 2650 480 2719; x_wconf 82' lang='lat'>[1889]</span> <span class='ocrx_word' id='word_1_274' title='bbox 510 2656 576 2703; x_wconf 83' lang='lat'>39</span> <span class='ocrx_word' id='word_1_275' title='bbox 588 2649 716 2722; x_wconf 89' lang='lat' dir='ltr'>sqq.)</span> <span class='ocrx_word' id='word_1_276' title='bbox 764 2682 834 2690; x_wconf 89' lang='lat'>—</span> <span class='ocrx_word' id='word_1_277' title='bbox 879 2657 1063 2705; x_wconf 81' lang='lat' dir='ltr'>Eodem</span> <span class='ocrx_word' id='word_1_278' title='bbox 1109 2659 1210 2706; x_wconf 85' lang='lat' dir='ltr'>fere</span> <span class='ocrx_word' id='word_1_279' title='bbox 1246 2659 1467 2720; x_wconf 87' lang='lat' dir='ltr'>tempore</span> <span class='ocrx_word' id='word_1_280' title='bbox 1506 2673 1602 2718; x_wconf 90' lang='lat' dir='ltr'>quo</span> <span class='ocrx_word' id='word_1_281' title='bbox 1639 2656 1840 2704; x_wconf 85' lang='lat' dir='ltr'>Reiffer-</span> 
     </span>
     <span class='ocr_line' id='line_1_36' title="bbox 170 2728 1842 2792; baseline 0.001 -16"><span class='ocrx_word' id='word_1_282' title='bbox 170 2728 334 2776; x_wconf 78' lang='lat' dir='ltr'>scheid</span> <span class='ocrx_word' id='word_1_283' title='bbox 371 2729 521 2778; x_wconf 84' lang='lat' dir='ltr'>etiam</span> <span class='ocrx_word' id='word_1_284' title='bbox 561 2728 804 2778; x_wconf 80' lang='lat' dir='ltr'>Carolus</span> <span class='ocrx_word' id='word_1_285' title='bbox 837 2730 1147 2792; x_wconf 81' lang='lat' dir='ltr'>Dzi-atzko‚</span> <span class='ocrx_word' id='word_1_286' title='bbox 1186 2732 1264 2779; x_wconf 72' lang='lat' dir='ltr'>vir</span> <span class='ocrx_word' id='word_1_287' title='bbox 1295 2731 1359 2779; x_wconf 85' lang='lat' dir='ltr'>de</span> <span class='ocrx_word' id='word_1_288' title='bbox 1390 2731 1618 2779; x_wconf 85' lang='lat' dir='ltr'>Terentio</span> <span class='ocrx_word' id='word_1_289' title='bbox 1657 2730 1842 2792; x_wconf 87' lang='lat' dir='ltr'>optime</span> 
     </span>
    </p>
   </div>
   <div class='ocr_carea' id='block_1_3' title="bbox 169 2801 1842 2943">
    <p class='ocr_par' dir='ltr' id='par_1_3' title="bbox 169 2801 1842 2943">
     <span class='ocr_line' id='line_1_37' title="bbox 169 2801 1840 2865; baseline 0 -15"><span class='ocrx_word' id='word_1_290' title='bbox 169 2801 395 2862; x_wconf 74' lang='lat' dir='ltr'>meritus,</span> <span class='ocrx_word' id='word_1_291' title='bbox 450 2802 513 2850; x_wconf 83' lang='lat' dir='ltr'>ad</span> <span class='ocrx_word' id='word_1_292' title='bbox 563 2802 748 2850; x_wconf 87' lang='lat' dir='ltr'>Donati</span> <span class='ocrx_word' id='word_1_293' title='bbox 800 2807 1127 2852; x_wconf 86' lang='lat' dir='ltr'>commentum</span> <span class='ocrx_word' id='word_1_294' title='bbox 1180 2806 1383 2854; x_wconf 80' lang='lat' dir='ltr'>accessi-t</span> <span class='ocrx_word' id='word_1_295' title='bbox 1437 2806 1486 2852; x_wconf 84' lang='lat' dir='ltr'>et</span> <span class='ocrx_word' id='word_1_296' title='bbox 1526 2805 1744 2865; x_wconf 86' lang='lat' dir='ltr'>primum</span> <span class='ocrx_word' id='word_1_297' title='bbox 1788 2802 1840 2850; x_wconf 92' lang='lat' dir='ltr'>in</span> 
     </span>
     <span class='ocr_line' id='line_1_38' title="bbox 169 2869 1842 2943; baseline 0.001 -21"><span class='ocrx_word' id='word_1_298' title='bbox 169 2874 294 2923; x_wconf 79' lang='lat' dir='ltr'>Mus,</span> <span class='ocrx_word' id='word_1_299' title='bbox 343 2875 494 2923; x_wconf 85' lang='lat' dir='ltr'>Rhen.</span> <span class='ocrx_word' id='word_1_300' title='bbox 533 2875 694 2923; x_wconf 90' lang='lat' dir='ltr'>XXIX</span> <span class='ocrx_word' id='word_1_301' title='bbox 732 2869 924 2943; x_wconf 84' lang='lat'>(1874)</span> <span class='ocrx_word' id='word_1_302' title='bbox 966 2878 1217 2926; x_wconf 82' lang='lat'>445—62</span> <span class='ocrx_word' id='word_1_303' title='bbox 1274 2881 1324 2926; x_wconf 87' lang='lat' dir='ltr'>et</span> <span class='ocrx_word' id='word_1_304' title='bbox 1371 2879 1620 2926; x_wconf 84' lang='lat'>511—12</span> <span class='ocrx_word' id='word_1_305' title='bbox 1675 2871 1842 2943; x_wconf 72' lang='lat' dir='ltr'>(‘Zum</span> 
     </span>
    </p>
   </div>
   <div class='ocr_carea' id='block_1_4' title="bbox 1966 0 2020 831">
    <p class='ocr_par' dir='ltr' id='par_1_4' title="bbox 1966 0 2020 831">
     <span class='ocr_line' id='line_1_39' title="bbox 1966 0 2020 831; baseline 0 0"><span class='ocrx_word' id='word_1_306' title='bbox 1966 0 2020 831; x_wconf 95' lang='lat' dir='ltr'> </span> 
     </span>
    </p>
   </div>
  </div>
 </body>
</html>
