2094 3140
243 161 310 212 38
754 159 987 204 DONATI
1018 160 1316 205 COMMENT
1324 161 1408 205 VM

241 294 373 334 error
415 285 737 333 inenodabilis
786 301 938 346 usque
987 286 1048 332 ad
1097 302 1207 332 eum
1252 286 1398 334 finem
1438 289 1510 334 est
1556 287 1752 346 ductus,
1800 287 1916 333 dum

239 361 458 408 Athenas
513 360 711 407 ueniens
761 359 978 406 Andrius
1034 359 1234 420 quidam
1286 359 1419 407 Crito
1474 377 1577 408 rem
1628 361 1818 422 aperiat
1869 362 1917 407 et

238 435 421 483 nodum
452 434 648 480 fabulae
681 433 854 481 soluat.
922 448 1010 495 per
1043 449 1185 493 quem
1217 434 1388 496 agnita
1418 433 1653 482 Pasibula
1683 433 1918 495 recipitur

240 525 268 555 a
300 507 584 570 parentibus
622 508 669 554 et
700 506 915 553 traditur
943 506 1202 567 Pamphilo
1236 507 1443 567 amanti3
1475 509 1594 555 item
1625 507 1917 555 Philumena

243 581 451 629 Charino
491 581 819 642 despondetur
857 582 906 627 et
942 580 1159 627 traditur
1197 582 1462 642 exoptanti.

353 657 380 702 2
422 655 681 715 Perspecto
730 655 1018 717 argumento
1067 655 1188 700 scire
1235 654 1462 702 debemus
1509 655 1633 702 hanc
1677 671 1779 703 esse
1819 656 1914 701 uir-

238 731 395 777 tutem
433 730 691 790 poeticam,
730 730 786 774 ut
825 743 854 774 a
885 728 1166 775 nouissimis
1200 729 1475 791 argumenti
1505 729 1647 775 rebus
1679 730 1916 790 incipiens

238 803 436 850 initium
475 802 670 849 fabulae
711 802 758 848 et
798 801 1036 864 originem
1075 802 1324 848 narratiue
1355 802 1530 849 reddat
1562 803 1917 863 spectatoribus

240 878 582 937 auctoremque
620 877 925 937 praesentem
965 875 1151 923 scilicet
1188 876 1259 922 ibi
1298 873 1536 937 exhibeat,
1574 875 1660 922 ubi
1696 876 1806 923 finis
1847 878 1919 924 est

238 951 447 998 fabulae.
524 950 650 996 hunc
698 949 827 996 enim
874 949 1038 996 orbem
1085 951 1134 996 et
1180 950 1416 996 circulum
1458 950 1679 1010 poeticae
1718 950 1917 997 uirtutis

241 1041 338 1072 non
391 1023 535 1071 modo
590 1024 744 1070 secuti
799 1024 913 1070 sunt
964 1023 1142 1086 tragici
1205 1025 1472 1084 comicique
1529 1026 1772 1084 auctores,
1835 1023 1918 1071 sed

238 1099 478 1146 Homerus
520 1098 669 1143 etiam
708 1098 757 1144 et
795 1096 1043 1159 Vergilius
1082 1098 1357 1144 tenuerunt.

353 1173 381 1219 3
431 1171 645 1218 Difficile
689 1171 763 1218 est
809 1170 1102 1219 diuisionem
1149 1172 1347 1218 actuum
1397 1172 1448 1217 in
1496 1171 1687 1218 Latinis
1735 1171 1917 1219 fabulis

237 1247 564 1293 internoscere
604 1245 804 1292 obscure
845 1244 1050 1292 editam:
1106 1259 1304 1292 causam
1349 1245 1447 1291 iam
1495 1245 1680 1292 dudum
1722 1245 1918 1292 demon-

238 1319 503 1367 strauimus
545 1314 627 1384 (cf.
663 1319 877 1366 Euanth.
902 1319 1006 1365 III
1027 1311 1092 1382 1).
1168 1318 1295 1366 unde
1343 1321 1507 1366 autem
1547 1322 1633 1366 aut
1674 1319 1917 1380 quomodo

238 1392 463 1454 quamuis
511 1408 654 1455 aegre
706 1394 874 1439 tamen
926 1392 1150 1455 intellegi
1197 1392 1531 1455 distinguique
1578 1394 1790 1454 possint,
1846 1395 1919 1440 est

238 1482 414 1529 operae
436 1467 651 1528 pretium
682 1466 878 1514 discere.
940 1466 1183 1527 principio
1216 1466 1475 1514 dicendum
1499 1468 1572 1514 est
1599 1467 1788 1513 nullam
1811 1483 1918 1528 per-

237 1556 408 1588 sonam
433 1555 677 1604 egressam
703 1540 962 1602 quinquies
994 1541 1127 1586 ultra
1158 1541 1286 1588 exire
1310 1555 1473 1602 posse3
1507 1541 1591 1588 sed
1622 1541 1711 1588 illa
1741 1556 1793 1587 re
1817 1541 1918 1602 ple-

236 1630 440 1675 rumque
481 1614 763 1675 decipimur,
803 1613 933 1674 quod
963 1629 1237 1675 personam,
1277 1630 1387 1661 cum
1417 1615 1642 1676 tacuerit,
1675 1629 1918 1678 egressam

236 1688 362 1736 falso
401 1690 647 1750 putamus,
686 1704 811 1749 quae
846 1687 1002 1734 nihilo
1033 1687 1195 1734 minus
1234 1689 1286 1734 in
1316 1689 1603 1749 proscaenio
1641 1690 1808 1736 tacens
1848 1688 1917 1735 lo·
1944 1707 1964 1737 2

238 1762 418 1823 quendi
455 1765 648 1824 tempus
687 1763 951 1823 exspectat.
1021 1762 1094 1808 est
1124 1761 1279 1824 igitur
1310 1763 1496 1809 attente
1529 1762 1917 1810 animaduerten-

237 1836 369 1895 dum,
407 1835 492 1883 ubi
524 1837 572 1883 et
607 1836 802 1897 quando
829 1850 1004 1882 scaena
1042 1850 1201 1882 uacua
1233 1835 1298 1882 sit
1330 1835 1390 1882 ab
1427 1836 1650 1883 omnibus
1683 1837 1917 1898 personis,

357 1995 378 2034 1
428 1989 741 2035 inenodabilis
789 1991 1012 2034 Rabbow:
1059 1989 1109 2032 in
1154 1989 1328 2032 fabulis
1375 1991 1525 2044 codd.;
1574 1989 1915 2034 inextricabilis

237 2051 331 2094 Leo
373 2052 379 2105 Ι
422 2050 588 2109 usque]
633 2049 713 2105 qui
754 2050 895 2094 TOV
933 2051 938 2107 Ι
981 2049 1146 2092 ductus
1187 2050 1258 2092 est
1295 2047 1435 2091 finem
1470 2048 1555 2092 ΤΟ
1569 2049 1622 2102 V,
1669 2048 1808 2092 finem
1847 2051 1918 2093 est

239 2110 284 2153 A
321 2110 399 2166 11ι2
448 2109 617 2152 andrus
665 2108 854 2164 quidem
900 2110 1025 2152 certo
1070 2109 1111 2151 Τ
1153 2109 1168 2164 Η
1217 2112 1242 2150 3
1289 2107 1463 2151 nodum
1501 2108 1549 2163 (n
1594 2121 1648 2151 εει)
1693 2122 1740 2150 m
1786 2111 1917 2165 corr.)

240 2168 307 2226 01
343 2167 486 2212 soluit
517 2170 561 2212 A
595 2170 601 2224 Ι
642 2181 725 2224 per
763 2181 882 2223 quae
923 2170 1029 2224 (que
1073 2169 1132 2223 T)
1169 2167 1253 2211 Tc
1295 2167 1310 2222 ΙΙ
1356 2172 1383 2209 4
1424 2180 1452 2209 a
1489 2166 1761 2223 parentibus
1799 2167 1918 2210 reci-

237 2227 365 2284 pitur
403 2228 441 2270 V
477 2230 482 2283 Ι
524 2226 767 2283 Pamphilo
801 2254 855 2259 —
887 2225 1091 2270 traditur
1129 2239 1210 2269 om.
1247 2226 1292 2268 A
1335 2226 1340 2282 Ι
1382 2225 1496 2268 item
1531 2225 1686 2270 Goetz:
1732 2227 1779 2269 et
1815 2227 1916 2280 Tc,

237 2301 320 2330 om.
354 2286 413 2341 V,
451 2299 561 2330 uero
589 2292 693 2341 post
722 2285 849 2329 Phil·
872 2286 922 2330 D
954 2285 1037 2342 (ed.
1064 2287 1170 2342 pn),
1196 2289 1301 2340 post
1331 2283 1470 2328 Char-
1494 2285 1594 2328 LP
1616 2285 1623 2341 Ι
1649 2283 1918 2340 philomena

244 2388 418 2455 TQVn
449 2393 474 2432 5
506 2388 798 2455 carinoflscr.
826 2388 891 2432 0²
912 2391 927 2444 11
951 2392 976 2431 6
1007 2355 1214 2445 per⁸f¹s³³cto
1246 2389 1317 2444 (sp
1347 2401 1451 2432 sscr.
1484 2401 1540 2454 ”fn
1566 2389 1615 2454 2)
1647 2387 1723 2444 Vll
1754 2391 1779 2430 8
1811 2402 1917 2431 nar-

237 2449 390 2490 ratiue
415 2449 481 2502 A,
505 2449 772 2491 narratlone
796 2449 973 2504 (narrat
995 2448 1100 2491 add.
1130 2446 1186 2504 C)
1217 2446 1319 2502 TO,
1346 2447 1627 2490 narratlonis
1653 2447 1696 2489 V
1713 2449 1727 2503 ΙΙ
1753 2451 1777 2490 9
1811 2461 1917 2490 auc·

237 2507 386 2550 torem
410 2507 455 2550 A
481 2507 488 2562 1
516 2505 695 2550 scilicet
716 2505 786 2550 ibi
809 2507 967 2560 Reiffl:
1001 2505 1092 2549 sibi
1115 2505 1241 2550 codd.
1271 2507 1277 2561 Ι
1305 2504 1523 2549 exhibeat
1555 2505 1605 2561 V,
1631 2504 1835 2549 exibitur
1858 2508 1916 2560 A,

240 2575 460 2646 exibita?
482 2593 539 2649 ο,
571 2593 861 2638 exhibiturus
891 2595 960 2652 T!
987 2593 1179 2638 fabulae
1208 2595 1279 2638 est
1305 2593 1447 2638 TcV
1464 2595 1479 2650 u
1505 2597 1559 2636 ιο
1591 2593 1769 2652 orbem]
1795 2594 1917 2637 ordi-

238 2666 347 2697 nem
374 2651 537 2712 TOV1
565 2651 715 2712 <artis
739 2652 852 2712 uel>
877 2652 1066 2697 uirtutis
1089 2655 1130 2698 T
1139 2653 1178 2697 0
1187 2653 1232 2697 V
1248 2655 1263 2711 [1
1289 2657 1339 2695 11
1367 2651 1450 2696 sed
1473 2665 1555 2696 om.
1580 2652 1622 2695 A
1646 2653 1660 2708 ΙΙ
1687 2656 1739 2695 12
1774 2651 1917 2696 etiam

239 2725 323 2756 om.
354 2711 523 2770 TOV1
563 2713 734 2756 tenue?
759 2713 824 2768 A,
855 2713 1045 2756 tenuere
1087 2711 1172 2756 Tc
1211 2713 1226 2769 u
1274 2715 1327 2754 13
1360 2723 1459 2754 esse
1501 2711 1543 2753 V
1580 2711 1586 2768 Ι
1627 2710 1800 2755 fabulis
1833 2725 1914 2755 om.

241 2771 286 2815 A
317 2770 336 2837 fl
366 2774 420 2813 14
452 2770 664 2828 obscure]
701 2770 759 2814 ob
792 2785 931 2827 supra
967 2771 1136 2830 TGVJ
1164 2770 1338 2815 editam
1369 2770 1527 2824 Reiff:
1562 2769 1735 2813 dictam
1766 2772 1914 2826 codd.;

239 2828 497 2872 indma'tam
527 2829 698 2874 Schoell
727 2831 742 2887 ΙΙ
774 2833 828 2873 16
861 2830 1017 2888 aegre]
1055 2843 1192 2887 agere
1226 2830 1270 2874 A
1292 2830 1308 2886 ΙΙ
1341 2833 1394 2871 17
1427 2828 1602 2882 discere
1642 2829 1717 2885 Vn
1752 2834 1804 2872 19
1838 2829 1916 2873 de-

241 2887 388 2931 cimur
418 2890 546 2944 (corr.
579 2903 635 2933 m.
667 2889 716 2945 2)
750 2888 821 2946 V!
854 2902 1054 2944 persona
1085 2891 1130 2933 A
1164 2891 1170 2944 Ι
1205 2887 1461 2944 ingressam
1498 2887 1639 2932 ΤΟΥ
1671 2890 1686 2943 Η
1725 2892 1779 2930 22
1805 2901 1916 2932 sena

247 2947 501 3004 TflfitA

1944 969 1985 1000 10

1943 1336 1984 1369 15
