2094 3140
838 139 1070 183 PRAEFA
1079 139 1190 183 TIO.
1727 140 1846 183 XLV

171 266 275 313 dini
315 260 495 331 (²Stud.
528 260 653 312 ital?
686 265 735 311 II
761 267 826 311 22
870 281 907 312 c.
945 265 1078 324 adn.3
1122 266 1210 325 733
1250 263 1326 311 III
1352 258 1497 330 335),
1538 264 1614 311 cui
1653 265 1703 310 id
1737 280 1845 310 con-

172 339 287 387 cedo
333 339 607 400 proximum
650 340 835 385 fontem
872 339 1157 386 minusculis
1196 338 1375 385 litteris
1415 340 1673 399 scriptum,
1719 339 1845 384 hunc

173 416 335 460 autem
380 414 541 474 ipsum
588 428 642 459 ex
687 412 848 460 codice
887 413 1185 459 maiusculae
1225 414 1532 459 litteraturae
1573 411 1847 459 derivatum

172 487 320 534 fuisse
362 480 443 551 (cf.
486 502 609 547 quae
643 484 672 546 ξ
702 489 730 533 2
772 486 831 533 de
861 485 1085 534 Parisino
1117 484 1165 532 A
1196 479 1447 551 indicavi).
1513 485 1652 541 Quod
1685 487 1847 532 autem

171 562 247 607 vir
307 560 615 608 doctissimus
677 560 927 607 contendit
987 562 1286 622 prototypon
1348 559 1594 621 exemplar
1655 560 1846 606 saeculo

170 633 414 681 VI—VII
467 634 741 681 confectum
795 649 919 693 esse,
974 634 1177 695 paulum
1231 635 1291 681 ab
1347 650 1401 681 eo
1456 633 1701 680 dissentio.
1790 633 1845 679 Id

173 706 367 768 quidem
424 710 553 755 recte
608 707 957 754 animadvertit
1010 710 1273 755 terminum
1327 707 1571 769 quendam
1625 707 1848 768 praeberi

171 781 365 829 scholiis
411 781 635 829 Bembini
689 781 867 829 codicis
923 782 984 829 ad
1030 781 1337 829 Phormionis
1390 783 1583 843 partem
1635 782 1848 842 priorem

171 855 525 917 spectantibus:
573 871 697 917 quae
745 857 936 903 saeculo
976 855 1074 902 VII
1120 856 1370 915 attribuit,
1417 871 1527 903 cum
1572 856 1655 902 vix
1693 855 1848 916 possit

171 944 271 977 esse
326 929 549 989 dubium,
604 930 721 990 quin
776 933 911 977 sexto
966 930 1158 977 saeculo
1212 930 1543 978 vetustissimo
1591 929 1716 976 libro
1764 927 1848 975 ad-

170 1005 352 1064 scripta
392 1005 489 1051 sint
529 997 596 1069 (v.
637 1019 785 1065 supra
823 1001 854 1064 ξ
890 1004 936 1064 5,
962 997 1028 1070 1).
1101 1003 1195 1050 Sed
1235 1004 1365 1065 quod
1403 1003 1616 1051 Leonem
1656 1005 1847 1050 secutus

171 1077 292 1124 dicit
314 1077 564 1125 Prisciano
596 1077 864 1138 pleniorem
897 1079 1159 1125 commenti
1181 1077 1395 1125 Donatei
1418 1078 1627 1125 formam
1651 1078 1847 1138 praesto

170 1152 341 1211 fuisse,
390 1168 536 1213 quam
576 1167 699 1213 quae
741 1151 803 1198 ad
841 1167 929 1199 nos
967 1153 1265 1213 pervenerit,
1311 1151 1363 1198 id
1400 1151 1606 1213 probare
1647 1151 1848 1197 minime

171 1240 390 1286 possum:
446 1227 627 1273 etenim
680 1227 722 1272 si
776 1225 895 1273 duos
950 1226 1063 1273 illos
1117 1227 1443 1273 institutionis
1498 1226 1848 1288 grammaticae

171 1299 302 1346 locos
343 1292 411 1365 (v.
438 1297 469 1360 ξ
498 1303 523 1346 1
551 1293 756 1365 testim.)
798 1315 1151 1361 comparamus,
1189 1300 1282 1346 hoc
1321 1300 1479 1346 solum
1519 1298 1730 1346 efficitur
1768 1298 1848 1345 de-

173 1375 467 1435 prompsisse
508 1375 884 1436 grammaticum
923 1390 980 1420 ex
1018 1374 1204 1421 Donati
1244 1375 1516 1421 commento
1557 1374 1746 1420 variam
1786 1371 1848 1418 ad

173 1447 324 1493 Andr.
348 1446 426 1494 111
452 1448 550 1507 3‚4
590 1447 849 1494 lectionem
883 1442 1089 1508 ‘paucis'
1124 1450 1172 1494 et
1198 1442 1407 1508 ‘pauca',
1447 1463 1596 1508 quam
1627 1448 1848 1493 nostrum

173 1536 364 1582 quoque
406 1523 733 1568 commentum
771 1523 994 1568 testatur.
1068 1522 1220 1568 Nulla
1257 1521 1413 1583 igitur
1450 1537 1501 1567 re
1540 1520 1848 1581 impedimur,

172 1596 291 1656 quin
330 1594 488 1642 medio
527 1595 627 1642 fere
666 1595 856 1642 saeculo
888 1594 960 1641 VI
998 1610 1105 1642 eam
1145 1611 1270 1656 quae
1310 1598 1523 1642 aetatem
1561 1595 1678 1641 tulit
1713 1595 1846 1641 scho-

172 1669 350 1716 liorum
396 1668 800 1716 Terentianorum
854 1669 1183 1717 recensionem
1230 1683 1332 1716 esse
1380 1671 1539 1716 ortam
1586 1682 1847 1715 sumamus.

282 1741 388 1788 Iam
441 1741 552 1789 vide
607 1757 810 1804 quaeSO,
873 1745 1111 1804 quantum
1165 1745 1380 1804 spatium
1432 1744 1666 1804 temporis
1720 1744 1850 1797 inter

171 1818 470 1877 prototypon
502 1816 627 1863 illud
658 1817 908 1878 exemplar
938 1819 987 1864 et
1019 1818 1415 1878 antiquissimum
1447 1832 1592 1878 quem
1615 1815 1847 1863 habemus

173 1889 384 1937 codicem
414 1917 476 1922 —
504 1889 781 1938 Parisinum
813 1889 862 1937 A
894 1906 929 1938 s.
960 1891 1032 1938 XI
1063 1891 1170 1939 dico
1194 1918 1267 1924 —
1290 1891 1583 1938 intercedat:
1614 1890 1848 1938 facillime

172 1965 336 2011 animo
391 1963 795 2025 comprehendere
844 1966 1050 2026 poteris,
1106 1981 1256 2026 quam
1301 1966 1406 2012 lata
1453 1966 1610 2012 omnis
1656 1966 1848 2027 generis

173 2038 461 2099 corruptelis
492 2039 782 2099 praesertim
812 2040 865 2085 in
896 2039 1176 2087 huiusmodi
1206 2054 1351 2100 opere
1382 2039 1632 2101 patefacta
1663 2039 1729 2086 sit
1751 2039 1845 2086 via.

173 2111 305 2168 Quas
337 2113 379 2159 si
409 2113 756 2159 removerimus
786 2139 847 2144 —
883 2113 1015 2175 quod
1045 2114 1102 2160 ut
1131 2113 1283 2174 fieret,
1315 2112 1452 2160 enixe
1483 2128 1684 2174 operam
1714 2111 1848 2159 dedi:

173 2201 471 2248 quamquam
530 2187 780 2247 permulta
841 2186 998 2235 adhuc
1058 2187 1403 2248 sospitatorem
1463 2186 1688 2249 flagitare
1749 2201 1847 2233 non

171 2260 346 2322 ignoro
383 2285 463 2320 —,
501 2276 598 2308 non
638 2259 701 2308 ad
730 2262 893 2323 ipsum
923 2260 1109 2308 Donati
1140 2262 1468 2308 commentum
1497 2261 1848 2322 perveniemus,

175 2332 258 2380 sed
296 2332 359 2380 ad
398 2349 506 2381 eam
542 2334 884 2382 tantummodo
916 2350 1065 2396 quam
1096 2335 1290 2382 saeculo
1322 2336 1456 2382 sexto
1489 2334 1847 2396 assignavimus

173 2406 468 2454 scholiorum
522 2408 938 2469 compilationem,
993 2424 1140 2471 quam
1188 2410 1242 2456 in
1286 2409 1379 2456 hac
1425 2408 1638 2456 editione
1686 2407 1848 2469 quoad

172 2480 279 2528 fieri
316 2483 481 2542 potuit
512 2482 876 2543 exprimendam
907 2483 1091 2543 curavi,
1122 2482 1243 2530 adeo
1281 2485 1341 2530 ut
1372 2483 1523 2530 etiam
1553 2482 1848 2530 scholiorum
1930 2508 1942 2522 ·

174 2554 394 2602 ordinem
432 2570 779 2617 saepenumero
817 2557 1159 2618 perturbatum
1197 2558 1506 2604 servaverim.

287 2627 409 2676 Cum
446 2645 544 2677 non
582 2629 648 2678 sit
684 2631 736 2677 in
776 2632 940 2678 animo
971 2633 1128 2679 totam
1159 2630 1239 2678 hic
1269 2632 1570 2692 pertractare
1604 2629 1847 2690 quaestio-

172 2717 285 2749 nem
307 2701 599 2764 Donateam,
629 2705 749 2751 satis
779 2703 936 2752 habeo
966 2704 1222 2766 indicasse,
1254 2703 1495 2766 quomodo
1519 2711 1848 2751 commentum

174 2778 392 2823 nostrum
439 2779 601 2824 ortum
647 2791 749 2825 esse
794 2777 1032 2826 videatur.
1107 2778 1215 2826 Iam
1253 2778 1367 2826 inde
1405 2778 1467 2825 ab
1506 2777 1699 2825 saeculo
1730 2774 1848 2823 XV1

174 2849 270 2895 viri
315 2849 447 2898 docti
493 2851 944 2899 animadverterunt
979 2852 1107 2899 hanc
1145 2852 1441 2900 scholiorum
1478 2851 1779 2914 farraginem
1817 2864 1847 2896 a

173 2921 369 2971 Donato
406 2938 504 2971 non
543 2939 644 2972 esse
682 2925 955 2987 profectam
994 2918 1062 2991 (v.
1102 2921 1267 2973 ‘Studi
1303 2920 1430 2973 ital.9
1468 2924 1520 2972 H
1544 2917 1706 2991 4sq.);
1751 2925 1846 2970 ita-
