2020 3152
524 738 535 750 ‘
550 743 627 775 Nec
652 742 868 774 dubitamus
894 743 1013 774 multa
1037 751 1117 775 esse
1143 751 1238 783 quae
1264 745 1300 774 et
1323 752 1392 775 nos
1417 743 1701 781 praeterierint:

530 788 700 819 homines
724 787 824 819 enim
850 796 979 819 sumus
1003 789 1040 819 et
1065 788 1238 826 occupati
1263 784 1428 819 officiis.'

1200 848 1338 879 Plinius
1363 848 1403 880 Ν.
1428 847 1474 879 Η.
1491 851 1610 889 praef.
1629 849 1679 880 18.

703 981 1155 1044 Praefatio.

201 1178 387 1226 Donati
425 1179 752 1226 commentum
792 1177 981 1225 edituro
1020 1177 1220 1239 pietatis
1259 1176 1381 1224 mihi
1418 1177 1613 1226 videtur
1652 1193 1771 1240 esse,

90 1254 146 1300 ut
191 1254 350 1314 primo
396 1252 503 1300 loco
544 1267 916 1299 commemorem
954 1253 1084 1299 viros
1124 1250 1452 1312 doctissimos,
1500 1253 1585 1312 qui
1623 1251 1769 1299 huius

91 1326 319 1374 editionis
359 1327 502 1388 quasi
539 1325 858 1373 fundamenta
896 1327 1175 1387 posuerunt.
1239 1324 1404 1385 Atque
1436 1324 1771 1373 Ludovicus

92 1400 383 1462 Schopen,
437 1401 523 1461 qui
578 1415 618 1446 a.
665 1401 800 1447 1821
860 1399 1253 1447 dissertationem
1299 1394 1391 1446 ‘De
1439 1399 1667 1446 Terentio
1722 1401 1772 1447 et

90 1475 287 1522 Donato
336 1475 439 1521 eius
478 1469 767 1535 interprete’
807 1466 1012 1539 (Bonn.)
1052 1473 1335 1534 scripserat,
1381 1473 1568 1534 primus
1614 1489 1771 1521 novae

90 1547 320 1596 editionis
361 1548 618 1595 consilium
649 1548 794 1608 cepit,
834 1550 890 1594 ut
922 1548 1128 1608 apparet
1159 1563 1216 1594 ex
1246 1548 1610 1610 programmate
1641 1547 1772 1594 Bon-

90 1622 230 1670 nensi
270 1638 311 1669 a.
348 1622 511 1682 1826,
556 1621 684 1682 quod
723 1621 981 1683 inscripsit
1013 1616 1288 1683 ‘Specimen
1326 1620 1679 1669 emendationis
1718 1622 1772 1669 in

91 1695 196 1742 Ael.
243 1695 428 1743 Donati
483 1695 856 1743 commentarios
904 1695 1222 1743 Terentianos
1255 1694 1339 1742 'ad
1389 1711 1568 1743 novam
1613 1695 1769 1743 totius

94 1771 254 1831 operis
295 1769 560 1816 editionem
591 1769 900 1816 indicendam
931 1764 1273 1831 propositum'.
1335 1769 1458 1816 Rem
1487 1769 1773 1817 incohatam

91 1859 244 1904 usque
293 1859 347 1890 eo
393 1843 642 1905 perduxit,
689 1845 746 1890 ut
790 1859 904 1905 pars
953 1843 1213 1891 commenti
1252 1836 1427 1909 (usque
1468 1843 1531 1890 ad
1569 1843 1721 1890 Andr.
1746 1843 1773 1890 I

94 1920 141 1978 2,
170 1910 262 1982 34)
300 1919 436 1978 typis
477 1918 849 1979 exprimeretur3
890 1919 1026 1965 cuius
1059 1917 1287 1965 editionis
1317 1917 1446 1964 hunc
1477 1917 1636 1965 voluit
1667 1932 1771 1965 esse

91 1991 294 2039 titulum
333 1987 485 2038 ‘Aelii
519 1990 706 2039 Donati
745 1991 1082 2039 commentarii
1119 1991 1173 2037 in
1204 1991 1499 2038 Terentium.
1563 1992 1773 2039 Textum

92 2064 197 2112 edd.
251 2067 370 2112 vett.
433 2065 626 2113 collatis
682 2065 948 2125 recensuit,
1009 2065 1194 2113 scholia
1254 2066 1421 2126 spuria
1474 2066 1669 2113 notavit
1723 2067 1774 2112 et

27 2203 30 2206 ψ
92 2138 540 2187 animadversiones
580 2140 774 2187 criticas
815 2139 995 2187 adiecit
1025 2138 1078 2186 L.
1113 2138 1160 2186 S.
1214 2138 1419 2186 Accedit
1457 2139 1771 2202 Eugraphius

94 2228 205 2260 cum
251 2212 447 2260 scholiis
494 2213 744 2260 Bembinis
793 2215 842 2260 et
887 2212 1331 2261 Mediolanensibus
1380 2208 1464 2276 [ab
1504 2212 1630 2276 Ang.
1669 2213 1774 2260 Mai

93 2286 236 2334 editis
268 2286 463 2334 Mediol.
500 2281 702 2351 1815]'.
772 2285 958 2342 Quibus
998 2287 1056 2333 de
1096 2287 1253 2334 causis
1293 2288 1473 2334 conatu
1511 2286 1772 2347 destiterit,

91 2359 214 2407 mihi
259 2377 357 2408 non
404 2361 523 2408 satis
571 2363 784 2408 constat:
830 2361 1038 2408 fortasse
1086 2360 1323 2408 editiones
1364 2359 1679 2408 Stallbaumii
1723 2362 1773 2408 et

91 2433 298 2495 Klotzii,
345 2450 468 2495 quae
517 2435 657 2482 annis
707 2435 990 2482 1830—31
1043 2435 1091 2482 et
1141 2435 1428 2483 1838—40
1471 2434 1772 2496 prodierant,

94 2523 204 2555 eum
242 2509 516 2569 moverunt,
555 2510 612 2556 ut
651 2510 878 2570 coeptum
916 2509 1187 2569 omitteret3
1226 2507 1324 2556 nisi
1361 2507 1488 2556 forte
1525 2508 1773 2556 intellexit

94 2597 151 2628 ea
197 2581 434 2643 subsidia,
483 2598 606 2643 quae
652 2582 885 2643 habebat,
931 2582 1200 2630 infirmiora
1247 2597 1351 2630 esse
1397 2597 1547 2643 quam
1593 2581 1771 2644 quibus

92 2653 278 2702 Donati
331 2658 659 2704 commentum
710 2655 763 2703 in
806 2657 1054 2718 integrum
1098 2655 1295 2703 restitui
1340 2657 1518 2717 posset.
1595 2655 1773 2717 Itaque

94 2744 222 2777 anno
265 2729 400 2777 1851
436 2729 686 2777 Lutetiam
717 2729 1016 2777 Parisiorum
1054 2745 1104 2777 se
1145 2729 1354 2778 contulit
1383 2729 1550 2791 ibique
1582 2729 1773 2777 codices

98 2803 255 2863 7920,
290 2804 447 2863 7921,
482 2804 620 2853 7899
656 2803 878 2851 contulit.
932 2803 1086 2851 Paulo
1116 2805 1230 2865 post
1253 2802 1476 2851 Vahleno
1500 2803 1772 2863 mandavit,

93 2877 153 2923 ut
176 2875 270 2923 sibi
293 2876 480 2925 codices
504 2876 791 2926 Leidensem
819 2878 868 2924 et
890 2876 1213 2926 Dresdensem
1237 2878 1498 2938 excuteret,
1529 2877 1774 2938 simulque
1834 2941 1841 2950 .

1360 2957 1418 3002 a*
