2094 3140
806 120 1158 165 PRAEFATIO.
1643 122 1811 166 XXXV

139 241 207 283 ‘R
235 240 362 284 Sexti
385 240 588 283 Terentii
614 239 714 282 Afri
746 253 848 281 cum
880 238 1001 282 Aelii
1025 239 1196 282 Donati
1227 239 1521 295 grammatici
1546 240 1810 283 examinata

138 298 520 356 interpretatione
558 299 673 340 finis.
735 299 926 354 Insuper
968 298 1129 341 addita
1169 301 1239 341 est
1270 298 1540 354 Calphurnii
1579 298 1627 340 in
1658 299 1809 341 Heau-

139 359 559 402 tontimorumenon
582 356 786 400 Terentii
819 360 1035 400 accurata
1066 357 1325 413 expositio'.
1382 356 1590 412 Denique
1615 357 1810 400 editioni

138 417 339 474 epistula
361 416 564 472 praefixa
590 419 660 459 est
686 415 1012 472 ‘Calphurnius
1037 415 1288 459 Brixiensis
1313 416 1469 458 Marco
1494 416 1681 459 Aurelio
1713 416 1808 459 viro

138 475 506 532 praeclarissimo
540 474 738 518 salutem
758 476 784 507 -’
821 478 928 528 etc,
969 488 1108 530 quam
1140 475 1298 518 edidit.
1319 475 1521 518 Loeffler
1551 491 1595 531 p.
1621 480 1808 519 40—45.

255 535 326 577 Ab
345 535 431 577 hac
449 533 718 590 Calphurnii
736 534 940 577 editione
955 534 1157 590 pendere
1175 533 1380 577 codicem
1396 533 1810 578 Vatic.U1·bin.354

138 594 231 637 iam
271 607 409 649 supra
449 593 922 646 commemoravimus;
963 593 1087 636 idem
1125 593 1252 636 valet
1291 594 1347 636 de
1388 593 1545 636 codice
1581 594 1811 636 Boender-

136 651 328 707 makeri,
361 666 451 708 quo
476 652 751 695 Westerhov
784 667 892 695 usus
918 655 988 695 est
1011 655 1067 709 (V.
1097 652 1294 695 ‘Unters
1322 667 1356 695 Ζ.
1383 652 1462 695 lat.
1484 651 1807 696 Scholienlitt.’

136 727 180 768 p.
202 714 275 768 24)
308 713 355 754 et
386 711 442 754 de
476 710 633 755 codice
665 711 866 766 quodam
891 710 1203 754 Gandaviensi
1225 726 1346 754 nunc
1371 714 1422 754 ut
1446 711 1627 755 videtur
1651 711 1812 767 deper-

137 770 258 825 dito,
297 770 427 813 cuius
468 770 656 814 collatio
693 783 720 812 a
752 769 982 814 Gronovio
1021 771 1148 814 facta
1187 770 1260 826 (cf.
1296 770 1515 814 ‘Unters’
1551 773 1635 814 etc.
1666 786 1710 827 p.
1738 773 1810 825 27)

135 831 291 873 exstat
335 829 383 872 in
431 828 634 873 editione
675 828 1081 886 Lindenbrogiana
1119 829 1336 874 Leidensi
1375 829 1588 886 (Gronov.
1630 845 1696 874 nr.
1725 832 1809 885 12).

135 889 235 932 Hoc
268 891 425 932 autem
455 890 645 944 propter
667 888 976 931 Ribbeckium
1007 903 1184 943 moneo,
1218 888 1297 944 qui
1327 888 1377 931 in
1401 889 1591 932 edendis
1616 888 1812 932 comico-

136 962 238 990 rum
269 948 579 991 Romanorum
609 947 882 1003 fragmentis
920 948 1008 991 hac
1040 947 1374 991 Gandaviensis
1414 947 1664 992 collatione
1702 961 1811 990 usus

133 1010 220 1051 est.
267 1005 564 1062 Relinquitur
585 1009 639 1050 ut
663 1006 833 1050 addam
858 1007 1179 1050 Matritensem
1202 1020 1385 1062 quoque
1407 1006 1581 1050 Donati
1605 1006 1812 1050 codicem

137 1065 283 1108 videri
316 1079 370 1109 ex
395 1065 665 1121 Calphurnii
696 1065 901 1109 editione
933 1079 1032 1109 esse
1064 1065 1323 1109 derivatum
1355 1068 1410 1123 (v.
1445 1080 1583 1123 supra
1614 1071 1638 1120 ξ
1663 1071 1703 1120 2,
1722 1068 1809 1122 32).

255 1127 299 1181 4>
338 1124 530 1168 Editio
570 1124 834 1168 Parisina
873 1139 912 1168 a.
942 1129 1053 1168 1529
1094 1127 1249 1182 (1536,
1293 1128 1422 1180 1541)
1460 1124 1653 1169 Roberti
1691 1125 1810 1168 Ste-
1837 1131 2016 1173 steph..

137 1183 324 1240 phani.
388 1184 454 1227 De
487 1183 707 1227 subsidiis
739 1184 834 1227 suis
867 1184 1018 1228 editor
1046 1183 1095 1226 in
1126 1183 1416 1241 praefatione
1446 1198 1597 1240 pauca
1619 1183 1811 1237 indicat,

133 1256 241 1286 cum
272 1243 478 1299 loquitur
524 1243 581 1286 de
629 1242 886 1287 ‘codicibus
934 1243 1132 1287 antehac
1180 1243 1376 1287 excusis'
1427 1246 1476 1287 et
1514 1244 1571 1286 de
1612 1244 1811 1286 ‘vetusto

135 1302 391 1359 exemplari
423 1301 779 1358 manuscripto'3
811 1302 998 1345 illarum
1028 1303 1077 1345 in
1107 1315 1296 1346 numero
1329 1301 1427 1346 sine
1461 1302 1602 1346 dubio
1627 1303 1814 1345 fuerunt

137 1361 284 1405 editio
321 1361 537 1418 princeps
568 1363 615 1404 et
645 1360 1027 1417 Mediolanensis,
1068 1362 1125 1405 de
1155 1361 1243 1405 hoc
1273 1361 1387 1416 quid
1418 1361 1721 1404 iudicandum
1752 1360 1813 1404 sit

135 1435 277 1477 supra
308 1423 350 1474 (ξ
375 1423 418 1476 2)
451 1419 756 1476 exposuimus.
810 1421 894 1463 His
925 1420 1071 1478 igitur
1101 1419 1322 1463 subsidiis
1353 1420 1479 1463 nisus
1512 1422 1560 1463 et
1588 1419 1811 1463 adhibitis

138 1479 326 1523 Terenti
357 1479 644 1534 aliorumque
670 1478 943 1536 scriptorum
966 1479 1181 1536 operibus
1205 1479 1379 1523 Donati
1411 1482 1722 1522 commentum
1743 1478 1814 1522 ita

137 1538 188 1582 in
217 1538 451 1595 integrum
480 1538 723 1582 restituere
755 1541 947 1582 conatus
972 1541 1044 1582 est
1068 1538 1344 1595 Stephanus,
1374 1541 1427 1581 ut
1452 1538 1629 1582 scholia
1653 1551 1813 1581 secun-

138 1597 250 1640 dum
288 1596 435 1654 ipsius
466 1597 653 1640 Terenti
692 1597 836 1640 verba
874 1597 924 1640 in
956 1597 1164 1641 ordinem
1201 1597 1453 1654 redigeret,
1492 1597 1715 1641 lemmata
1744 1597 1815 1639 in-

137 1658 391 1711 stauraret,
432 1655 845 1712 interpretamenta
877 1657 1144 1700 emendaret
1175 1658 1316 1712 atque
1348 1657 1602 1713 suppleret,
1636 1655 1813 1700 Graeca

137 1718 403 1772 reponeret,
451 1714 702 1759 sententias
751 1718 991 1759 auctorum
1036 1729 1364 1772 saepenumero
1409 1715 1604 1772 singulis
1642 1715 1812 1759 litteris

135 1774 349 1831 signatas
386 1774 592 1831 integras
630 1774 855 1818 redderet.
927 1775 1026 1827 Qua
1064 1774 1114 1818 in
1150 1789 1200 1818 re
1240 1775 1327 1818 etsi
1367 1774 1655 1819 Sabbadinio
1695 1774 1739 1833 (1
1774 1789 1811 1819 6.

138 1839 193 1878 81
207 1835 290 1889 sq.)
315 1833 659 1877 concedendum
682 1835 753 1877 est
777 1847 1104 1890 saepenumero
1126 1834 1413 1891 Stephanum
1435 1847 1611 1878 errasse
1633 1833 1813 1877 multis—

138 1906 228 1949 que
259 1892 372 1936 locis
404 1892 496 1935 vim
525 1892 680 1950 potius
711 1907 852 1948 quam
882 1893 1112 1937 medelam
1143 1892 1433 1948 adhibuisse,
1465 1896 1620 1936 tamen
1643 1893 1813 1950 ,negari

138 1966 231 1997 non
260 1954 429 2008 potest,
461 1952 574 2007 quin
605 1951 778 2008 optime
810 1952 868 1995 de
898 1953 986 1996 hoc
1017 1955 1274 1997 commento
1305 1952 1498 1996 meritus
1526 1951 1607 2006 sit3
1639 1954 1694 1995 ut
1718 1951 1813 1995 alia

136 2011 343 2067 mittam,
397 2010 471 2055 vel
516 2011 604 2054 hoc
649 2011 693 2055 ei
738 2010 868 2054 laudi
914 2011 1184 2055 vertendum
1229 2013 1320 2067 est,
1372 2012 1497 2067 quod
1543 2010 1813 2068 saepissime

138 2069 335 2114 abiectis
370 2069 523 2126 pravis
555 2069 842 2127 superiorum
873 2070 1130 2114 editionum
1159 2070 1439 2114 lectionibus
1470 2083 1528 2114 ex
1557 2069 1734 2126 optimo
1763 2069 1814 2112 ni

138 2129 278 2173 fallor
304 2129 463 2173 codice
489 2143 570 2173 suo
593 2129 846 2186 genuinum
869 2131 1048 2174 textum
1071 2128 1296 2184 exhibuit,
1328 2144 1420 2185 quo
1443 2128 1622 2173 factum
1645 2131 1729 2185 est,
1761 2131 1814 2173 ut

137 2187 351 2232 Parisina
390 2187 535 2232 editio
566 2202 722 2232 omnes
754 2202 874 2245 quae
906 2191 1015 2232 ante
1045 2188 1095 2231 id
1124 2190 1307 2245 tempus
1338 2187 1544 2233 virorum
1573 2188 1813 2232 doctorum

137 2247 356 2291 manibus
386 2247 689 2292 versabantur
719 2246 947 2292 editiones
978 2247 1117 2304 longe
1149 2249 1400 2304 superaret.

258 2305 510 2361 5)Editio
526 2306 791 2350 Parisina
807 2320 847 2351 a.
861 2311 974 2350 1602
992 2309 1039 2350 et
1054 2306 1555 2350 Francofurtensis
1573 2319 1613 2350 a.
1626 2311 1739 2350 1623
1762 2313 2036 2348 Mnemon

138 2364 363 2432 Friderici
404 2364 780 2432 Lindenbrog
858 2365 990 2418 Quod
1037 2366 1099 2409 ad
1143 2365 1295 2423 ipsum
1340 2365 1589 2409 commenti
1633 2367 1813 2408 textum

135 2415 324 2479 attinet,
354 2424 470 2468 11366
499 2423 836 2491 Lindenbrogii
863 2424 1008 2468 editio
1039 2424 1091 2468 in
1118 2424 1382 2468 universum
1407 2439 1499 2468 non
1523 2424 1592 2468 ita
1614 2423 1814 2491 multum

140 2475 296 2528 differt
327 2497 356 2526 a
388 2483 498 2540 Step
499 2483 718 2539 haniana,
748 2482 840 2527 nisi
870 2483 996 2539 quod
1026 2483 1102 2527 hic
1131 2483 1230 2527 illic
1260 2483 1387 2526 haud
1416 2497 1566 2540 pauca
1597 2497 1653 2527 ex
1681 2482 1811 2527 novis

86 2590 95 2598 ,
135 2541 361 2587 subsidiis
383 2542 712 2600 manuscriptis
738 2543 985 2586 emendata
1006 2542 1324 2600 velsuppleta
1339 2545 1459 2587 sunt.
1507 2542 1597 2586 Sed
1613 2541 1814 2587 Linden-

138 2601 258 2661 brog
285 2615 380 2646 non
410 2601 560 2646 solum
589 2601 758 2657 quibus
790 2616 901 2646 usus
934 2601 995 2645 sit
1026 2601 1264 2646 codicibus
1289 2600 1548 2645 accuratius
1571 2601 1811 2656 indicavit,

131 2673 300 2706 verum
330 2661 472 2704 etiam
501 2660 676 2717 primus
709 2660 822 2706 satis
851 2660 1024 2705 multas
1054 2660 1277 2705 lectiones
1306 2660 1532 2704 librorum
1555 2674 1741 2704 suorum
1763 2659 1814 2703 in

126 2717 540 2767 ,observationibus
571 2719 798 2775 enotavit,
837 2720 960 2763 unde
992 2719 1154 2775 qualia
1185 2718 1227 2764 ei
1257 2719 1574 2786 manuscripta
1603 2718 1813 2786 subsidia

135 2780 326 2881 ww
362 2778 538 2822 fuerint
565 2778 662 2835 aliq
662 2792 723 2822 110
752 2756 891 2822 niodo
922 2780 1126 2822 statuere
1155 2778 1398 2835 possimus.
1467 2778 1570 2835 Ipse
1600 2777 1651 2822 in
1679 2790 1814 2835 prae-

232 2850 320 2881 0116
347 2837 463 2882 11366
487 2838 696 2895 exponit:
731 2837 923 2882 Donati
954 2837 1046 2882 duo
1078 2851 1241 2895 exemp
1241 2836 1362 2880 laria
1383 2836 1632 2887 habuimus
1656 2839 1704 2882 et
1726 2836 1812 2880 illa

132 2892 439 2951 Pithoeorum
475 2899 692 2942 accurata
729 2895 978 2954 diligentia
1015 2895 1077 2940 ad
1113 2853 1241 2941 Mssp
1262 2895 1394 2941 codd.
1428 2895 1622 2941 Antonii
1658 2893 1815 2940 Contii

1407 2983 1463 3028 ο*
