2094 3140
290 184 520 227 XXXVHI
938 184 1289 229 PRAEFATIO.

287 305 494 346 nostram
527 305 727 346 aetatem
754 302 974 359 pervenit.
1025 302 1156 355 Quod
1182 302 1322 346 etiam
1348 303 1442 346 alia
1466 303 1645 348 ratione
1670 303 1961 359 comprobari

287 364 467 417 potest:
514 375 622 404 nam
669 361 947 405 scholiorum
993 362 1051 404 ad
1097 362 1262 405 Heaut.
1313 362 1451 406 facile
1500 363 1589 406 duo
1638 362 1963 406 discernuntur

289 421 972 523 ffifissfflfflffiiussoelstefitff
989 421 1636 536 nssffsstaqssssssffinffiussssss,
1653 425 1963 537 ἳῖἶῖχὲἓέζὶὲ

290 552 344 580 ex
377 538 615 594 deperdito
639 538 810 582 Donati
845 538 903 580 ad
927 537 1059 581 illam
1090 537 1298 581 fabulam
1330 542 1587 583 commento
1618 540 1752 583 nobis
1776 543 1961 596 praesto

291 611 389 640 esse
438 612 671 651 sumanus,
722 597 802 639 sed
850 624 903 628 —
953 596 1002 639 id
1049 597 1171 652 quod
1218 597 1582 642 luculentissime
1629 598 1962 642 demonstravit

291 655 599 711 Gerstenberg
653 656 735 711 (De
783 655 1049 712 Eugraphio
1099 661 1181 699 108
1202 671 1322 711 sqq.;
1378 656 1433 700 cf.
1482 656 1623 700 etiam
1671 658 1866 714 Smutny
1912 658 1961 701 in

288 714 477 758 Dissert.
505 714 701 758 Vindob.
728 714 790 756 VI
816 719 900 757 134
925 715 1029 758 adn.
1057 717 1099 771 3>
1125 742 1178 746 —
1207 729 1262 758 ex
1294 715 1496 771 quinque
1527 716 1700 760 Donati
1733 731 1962 760 commen-

289 773 421 816 tariis
453 773 586 816 nobis
619 773 810 816 servatis
844 773 1058 816 similiter
1090 773 1342 830 compilata
1373 777 1492 829 sunt,
1526 777 1665 830 atque
1691 775 1962 831 Calphurnii

289 832 338 875 in
370 833 564 876 eandem
597 831 882 875 comoediam
904 832 1324 889 interpretationes.
1374 833 1512 877 Cuius
1535 834 1603 878 rei
1630 835 1740 877 ‘una
1765 834 1962 877 inveniri

288 894 442 947 potest
482 905 621 934 causa
659 891 793 935 haec:
837 891 947 946 quia
982 891 1234 935 scholiasta
1265 892 1344 935 ille
1377 893 1758 936 commentarium
1788 893 1962 937 Donati

288 950 338 992 in
363 964 463 993 eam
495 950 702 993 fabulam
732 964 826 993 non
849 950 944 993 iam
968 950 1151 994 habuit’
1180 951 1507 1009 (Gerstenberg
1533 955 1648 1008 111).
1700 953 1790 995 Aut
1817 951 1963 1009 igitur

290 1024 317 1052 a
349 1009 648 1065 compilatore
681 1008 883 1065 corporis
916 1010 1062 1053 nostri
1092 1010 1292 1053 Donatei
1333 1010 1551 1054 omissum
1587 1013 1659 1054 est
1689 1011 1806 1054 illud
1840 1025 1962 1054 com-

288 1071 493 1111 mentum
533 1070 634 1120 aut,
675 1068 799 1123 quod
840 1082 867 1111 a
905 1082 1010 1112 vero
1041 1068 1228 1125 propius
1261 1070 1422 1113 abesse
1453 1069 1655 1124 videtur,
1693 1073 1799 1127 post
1829 1070 1963 1113 illum

290 1126 462 1170 excidit
500 1127 572 1182 (cf.
605 1127 814 1170 Rabbow
844 1143 886 1183 p.
915 1130 1031 1184 332).
1096 1128 1170 1171 Sic
1207 1143 1300 1172 non
1340 1128 1489 1172 solum
1521 1129 1838 1185 cognoscimus
1869 1143 1964 1184 qua

289 1187 443 1229 aetate
484 1186 760 1243 archetypus
807 1186 1012 1229 omnium
1058 1186 1268 1230 codicum
1306 1190 1566 1231 nostrorum
1609 1188 1844 1231 confectus
1885 1189 1961 1243 sit,

287 1258 444 1288 verum
483 1244 625 1288 etiam
663 1247 828 1288 testem
871 1247 1109 1302 spectatae
1148 1246 1392 1290 vetustatis
1425 1247 1552 1290 nacti
1584 1262 1759 1302 sumus,
1801 1261 1962 1302 quam—

290 1318 430 1358 quam
484 1306 797 1360 excerptorem
849 1304 1085 1348 interdum
1138 1305 1251 1348 satis
1298 1305 1444 1349 libere
1491 1307 1737 1349 commenti
1783 1309 1963 1350 textum

290 1365 516 1406 tractasse
547 1363 887 1420 neglegendum
918 1378 1010 1408 non
1043 1366 1125 1408 est.

406 1425 449 1478 2)
499 1421 726 1466 Scholia
779 1422 1131 1467 Victoriana.
1218 1423 1416 1466 Exstant
1459 1422 1508 1466 in
1563 1423 1720 1467 codice
1774 1423 1963 1467 Terenti

287 1480 600 1524 Laurentiano
640 1486 709 1537 38,
736 1486 791 1525 24
835 1497 868 1525 s.
902 1482 944 1524 X
989 1481 1190 1525 frustula
1228 1482 1440 1526 Donatea
1480 1482 1540 1525 ad
1578 1483 1718 1527 Andr.
1750 1483 1814 1526 ΠΙ
1839 1489 1879 1539 2,
1906 1488 1963 1526 24

289 1539 387 1582 -V
412 1545 451 1595 5,
473 1545 495 1582 7
537 1543 582 1583 et
621 1541 733 1585 Eun.
766 1540 880 1597 prol.
908 1541 1036 1584 5—11
1061 1546 1101 1596 2,
1117 1546 1187 1584 43.
1257 1541 1432 1584 Horum
1471 1541 1749 1585 scholiorum
1787 1542 1962 1598 primus

287 1598 570 1642 mentionem
606 1599 719 1643 fecit
756 1599 1078 1656 Umpfenbach
1115 1599 1166 1643 in
1203 1599 1422 1644 Herm.11
1447 1605 1553 1656 338;
1600 1601 1725 1644 idem
1762 1600 1811 1644 in
1852 1601 1960 1645 edit.

289 1657 387 1701 Ter.
420 1660 601 1714 partem
632 1658 862 1715 excerpsit
891 1659 1050 1715 (praef.
1077 1659 1161 1702 XX
1185 1659 1290 1702 adn.
1317 1664 1373 1715 2).
1421 1659 1534 1702 Post
1562 1659 1695 1703 illum
1718 1659 1964 1704 ediderunt

289 1716 544 1760 Sabbadini
589 1717 638 1760 in
687 1717 841 1761 ‘Studi
886 1717 1006 1763 itaL’
1047 1718 1287 1762 1124—25
1336 1720 1383 1762 et
1421 1717 1605 1772 Schlee,
1653 1718 1838 1762 Scholia
1877 1719 1962 1763 Te—

287 1775 502 1819 rentiana
526 1781 711 1821 68-69,
730 1804 785 1809 -
803 1777 887 1820 His
917 1777 1063 1834 igitur
1093 1776 1281 1820 scholiis
1311 1777 1385 1820 vel
1411 1776 1567 1833 potius
1592 1777 1760 1834 glossis
1784 1791 1964 1836 semper

288 1834 573 1891 adscriptum
603 1838 674 1879 est
698 1837 968 1880 ‘secundum
992 1836 1280 1892 d(onatum)’.
1345 1834 1473 1888 Quae
1504 1835 1617 1891 quin
1648 1849 1705 1879 ex
1736 1835 1963 1880 eiusmodi

288 1896 558 1948 commento,
591 1894 730 1950 quale
760 1895 895 1939 nobis
926 1898 1114 1952 praesto
1147 1898 1230 1949 est,
1263 1897 1482 1951 excerpta
1513 1894 1620 1951 sint,
1653 1894 1859 1939 dubitari
1886 1895 1963 1938 vix

286 1954 443 2008 potest
481 1952 555 2009 (cf.
588 1967 624 1997 e.
651 1969 693 2011 g.
727 1955 783 1997 ad
818 1954 1125 2010 Eun.111,5,
1164 1953 1246 1998 ubi
1285 1954 1415 1999 codd.
1448 1953 1621 1997 Donati
1662 1954 1814 2011 ‘Quod
1850 1955 1964 1998 mihi

290 2013 440 2056 carior
463 2026 553 2068 pro
584 2014 663 2068 qui
694 2014 806 2057 mihi
843 2028 942 2058 sum
980 2014 1165 2069 carior’,
1198 2012 1448 2056 scholiasta
1481 2013 1581 2069 ‘pro
1612 2014 1692 2069 qui
1721 2014 1834 2056 mihi
1863 2027 1963 2057 sum

288 2071 438 2115 carior
448 2088 465 2124 ,·
496 2072 629 2115 aliter
660 2073 778 2128 quod
808 2075 920 2116 mihi
949 2074 1100 2116 carior
1124 2072 1214 2117 scd.
1241 2071 1326 2116 df:
1358 2071 1407 2114 in
1430 2072 1640 2127 utrisque
1665 2072 1827 2115 eadem
1850 2071 1962 2115 lem—

287 2128 427 2172 matis
460 2130 759 2187 corruptela);
801 2132 883 2174 sed
914 2132 1108 2175 eundem
1141 2130 1222 2187 qui
1254 2130 1430 2175 scholia
1460 2129 1728 2175 Victoriano
1761 2130 1961 2186 addidit,

290 2201 345 2231 ea
376 2201 431 2231 ex
455 2188 638 2233 Donato
671 2189 965 2247 exscripsisse
994 2190 1184 2234 minime
1217 2192 1392 2234 certum
1416 2192 1498 2234 est.
1545 2189 1687 2233 Immo
1710 2203 1804 2233 non
1828 2189 1963 2233 abest

289 2246 489 2303 suspicio
528 2247 728 2292 frustula
765 2249 851 2292 illa
890 2263 946 2293 ex
986 2249 1077 2293 alio
1118 2249 1276 2293 codice
1307 2248 1585 2293 Terentiano
1621 2249 1671 2291 in
1700 2247 1963 2292 Victoriani

287 2305 519 2363 margines
551 2320 650 2351 esse
681 2308 910 2352 translata
938 2308 1010 2366 (cf.
1037 2307 1189 2365 Umpf.
1214 2308 1368 2352 Herm.
1385 2308 1551 2362 11338;
1582 2307 1710 2351 velut
1733 2307 1795 2350 ad
1819 2307 1958 2351 Andr.

287 2363 330 2406 V
356 2370 394 2420 1,
413 2370 468 2408 20
508 2368 661 2409 exstat
701 2368 1071 2426 ‘praesenseram]
1109 2368 1242 2412 aliter
1279 2373 1330 2411 ‘nt
1363 2367 1606 2412 secundum
1637 2367 1717 2422 d.',
1757 2366 1881 2422 quod
1910 2365 1962 2409 ni

288 2422 429 2467 fallor
459 2426 724 2481 corruptum
755 2428 825 2469 est
856 2439 911 2469 ex
945 2426 1097 2470 ‘aliter
1127 2427 1189 2470 rit
1212 2440 1246 2471 s.
1272 2427 1351 2482 df,
1381 2439 1491 2469 nam
1517 2426 1736 2470 ‘senserit’
1762 2426 1964 2468 testatur

287 2481 461 2526 Donati
492 2486 840 2542 commentum);
873 2484 954 2540 qui
977 2485 1114 2534 ,cuius
1147 2484 1328 2551 generis
1360 2484 1502 2528 fuerit
1528 2483 1616 2527 etsi
1641 2485 1765 2528 certo
1790 2483 1961 2526 diiudi-

290 2540 387 2584 cari
415 2541 598 2596 nequit,
630 2544 788 2586 tamen
820 2543 876 2587 de
907 2543 1028 2587 libro
1059 2543 1268 2588 familiae
1290 2561 1317 2601 γ
1343 2543 1464 2600 (ΡΟ)
1492 2542 1690 2600 cogitari
1711 2555 1846 2599 posse
1868 2556 1960 2586 non

289 2599 513 2644 omittam.
576 2600 760 2644 Etenim
791 2602 852 2645 ad
874 2602 1015 2646 Andr.
1040 2603 1104 2646 III
1129 2608 1169 2659 2,
1186 2607 1243 2646 24
1273 2602 1446 2660 legitur
1477 2602 1659 2660 τοσοεχοῆ
1690 2603 1759 2646 vel
1788 2602 1963 2658 oeeoepi

287 2660 532 2703 seeundum
556 2660 808 2714 donatum’,
835 2661 912 2704 hic
935 2663 1092 2705 autem
1114 2661 1258 2706 habet
1283 2662 1467 2719 ‘occepiJ
1491 2662 1638 2718 occepi
1653 2661 1812 2704 melius
1826 2675 1963 2717 quam

289 2718 440 2774 incepi
471 2719 590 2773 (sort.
624 2733 764 2773 quam
795 2719 926 2776 coepi
957 2734 1014 2764 εει·
1042 2722 1136 2765 cod.
1161 2722 1258 2777 A)’,
1291 2721 1414 2764 unde
1445 2733 1538 2764 non
1562 2719 1814 2763 absurdum
1836 2719 1962 2762 vide-

288 2778 366 2819 tur
411 2776 595 2820 eredere
641 2777 689 2820 in
735 2777 854 2822 libro
901 2779 1103 2834 quodam
1149 2779 1210 2823 ad
1249 2778 1435 2823 Terenti
1476 2778 1644 2835 ‘coepi’
1687 2777 1962 2821 adnotatum

287 2834 430 2878 fuisse
464 2835 554 2879 ‘vel
586 2835 777 2893 occ(epi)
809 2852 843 2881 s.
878 2837 964 2891 d.’;
1004 2837 1172 2894 ‘coepi'
1206 2851 1315 2882 vero
1347 2841 1418 2882 est
1447 2836 1586 2882 lectio
1618 2835 1828 2881 codicum
1859 2836 1958 2881 PG.

287 2893 468 2937 Deinde
515 2894 574 2937 ad
619 2894 760 2939 Andr.
797 2895 861 2939 IV
883 2901 925 2950 4,
950 2901 1007 2940 45
1053 2895 1102 2939 in
1148 2895 1418 2941 Victoriano
1465 2895 1688 2952 scriptum
1735 2897 1805 2939 est
1851 2895 1961 2940 ‘aha

287 2953 477 2998 ‘necdum
515 2954 686 3012 onmia]
726 2955 858 3000 aliter
897 2969 959 2999 an
995 2956 1103 3000 haec
1140 2961 1191 3000 tu
1222 2957 1376 3000 omnia
1406 2957 1573 3001 scilicet
1602 2955 1777 3000 audisti
1805 2967 1960 2999 secun-

2065 3000 2090 3140 ,ἐ
