2072 3146
243 128 414 178 XXXII

242 252 336 300 Ad.
371 254 407 300 I
416 253 459 301 V
474 254 519 308 5,
542 256 603 299 61
647 269 794 313 quam
810 253 936 300 nihil
948 255 1036 300 im-

647 327 836 388 periose
870 343 925 374 ac
948 343 1037 387 pro

650 402 1037 461 auctoritatepa-

649 475 760 522 tris!

649 564 746 595 non
773 543 851 594 ene
878 550 942 595 sis
964 564 1038 596 so-

654 617 794 669 cors’.

283 733 310 757 aa
371 697 407 742 I
416 697 459 742 V
472 699 503 742 '7
509 734 519 750 ,
542 697 609 742 18
650 696 775 742 nihil
801 696 934 742 aliud
952 712 1037 743 uo-

648 770 781 817 lebat
855 770 1040 817 Demea

650 845 746 891 nisi
759 846 817 891 ut
827 844 1040 892 saeuiret

649 918 808 965 Micio.

280 1029 308 1052 7,
370 992 457 1038 IV
471 995 517 1046 7,
540 994 607 1038 34
651 1007 804 1052 equus
855 992 1039 1040 durius.

409 1067 452 1113 V
465 1068 513 1121 3,
536 1069 602 1112 10
646 1068 821 1127 putare
834 1067 1040 1115 estfalsa

652 1143 700 1187 et
713 1155 849 1188 cassa
868 1156 897 1187 a
909 1142 1039 1188 ueris

650 1216 698 1260 et
730 1215 937 1263 utilibus
966 1231 1039 1262 re-

650 1303 823 1336 secare.

241 1362 301 1408 H
300 1376 358 1409 ec.
412 1362 450 1408 I
460 1363 510 1417 2,
530 1362 598 1409 75
632 1363 1041 1425 uigilanterquod

652 1438 726 1484 est
777 1433 1041 1500 ‘integram

651 1513 708 1558 ut
776 1511 942 1572 accepi
1012 1528 1041 1559 a

651 1580 770 1632 suis'
781 1602 792 1631 ε
876 1586 1041 1647 potuit

650 1660 779 1706 enim
815 1661 864 1706 et
894 1661 1039 1706 uitia-

650 1734 754 1779 tam
782 1734 1039 1795 accepisse.

289 1843 316 1867 „
355 1807 458 1852 III
468 1808 518 1862 2,
537 1808 605 1854 21
648 1809 697 1854 et
713 1805 764 1854 τὸ
785 1802 882 1854 tdic
898 1804 1040 1854 mihi'

651 1882 888 1929 curiosius
967 1882 1041 1928 in-

645 1956 943 2018 terrogantis
955 1957 1041 2003 est.

244 2028 434 2075 Phorm.
436 2028 563 2088 prol.
574 2030 610 2076 2
649 2024 938 2077 ‘transdere'
960 2046 1041 2077 ue-

648 2106 776 2151 teres
869 2119 1044 2151 sonan-

652 2179 766 2237 tius,
800 2177 930 2239 quod
953 2193 1040 2226 nos

650 2252 808 2299 lenius
920 2247 1039 2299 ‘tra-

652 2321 797 2373 dere’.

322 2436 349 2459 „
423 2399 520 2454 12,
543 2402 572 2446 1
650 2400 800 2446 tertia
815 2414 1038 2461 persona.

320 2583 347 2607 „
422 2547 573 2602 123
651 2546 832 2594 ordine.

320 2655 348 2681 >„
394 2621 520 2676 III,
539 2622 609 2668 23
650 2635 799 2681 quam
863 2623 1040 2681 pacato

653 2709 749 2741 ore.

897 125 1251 170 PRAEFATIO.

1130 269 1278 313 quam
1317 278 1389 284 ——
1426 251 1584 314 patris
1623 251 1724 299 fiat..

1129 563 1227 594 non
1267 547 1391 595 dixit
1432 543 1511 594 ene
1550 547 1614 594 sis
1655 542 1851 595 socors’.

1130 694 1254 742 nihil
1278 722 1349 726 —-
1369 695 1553 743 Demea
1579 711 1748 756 quam
1772 697 1828 742 ut
1853 721 1925 726 —-

1202 769 1363 816 Micio.

1131 1007 1284 1053 equus
1323 992 1529 1054 ligneus.

1129 1069 1305 1127 putare
1329 1066 1545 1112 —falsa
1570 1068 1619 1112 et
1643 1065 1923 1113 infructi-

1205 1133 1402 1206 fera(!)
1452 1166 1521 1172 —-
1567 1154 1785 1187 resecare
1842 1137 1924 1199 (cf.

1204 1213 1350 1262 Arch.
1384 1215 1468 1262 lex.
1503 1215 1583 1261 lat.
1617 1215 1644 1260 l.
1679 1212 1753 1273 c.).

1132 1363 1400 1426 uigilanter
1414 1362 1544 1423 quod
1559 1365 1632 1410 est
1642 1357 1925 1424 ‘integram’

1206 1429 1613 1502 specificat(!),
1625 1435 1677 1482 id
1691 1437 1926 1484 esttalem

1207 1511 1402 1572 qualem
1435 1512 1602 1572 accepi
1633 1526 1662 1557 a
1687 1511 1809 1558 suis:
1839 1525 1925 1571 po-

1204 1585 1303 1632 tuit
1350 1587 1439 1632 etc.
1500 1583 1580 1644 (cf.
1637 1582 1782 1632 Arch.
1839 1585 1925 1632 lew.

1207 1660 1288 1706 lat.
1330 1660 1357 1706 Z.
1399 1657 1475 1718 0.).

1133 1810 1182 1854 et
1213 1833 1285 1838 —-
1311 1807 1455 1853 mihi:
1495 1806 1572 1853 dic
1611 1806 1815 1853 uerbum
1849 1807 1927 1853 est

1205 1882 1439 1928 instantis
1481 1880 1649 1928 audire
1690 1882 1738 1926 et
1769 1879 1925 1927 curio-

1206 1955 1306 2002 sius
1345 1954 1710 2017 interrogantis.

1135 2024 1425 2077 ‘transdere'
1439 2029 1683 2076 ——lenius
1702 2029 1926 2074 enuntia-

1206 2119 1314 2151 mus
1356 2098 1602 2150 ‘tradere’.

1131 2398 1280 2446 tertia
1310 2413 1519 2460 persona
1550 2397 1608 2445 de
1641 2413 1692 2445 se
1719 2397 1926 2458 loquens

1204 2487 1321 2520 usus
1361 2473 1447 2520 est.

1132 2546 1352 2594 ordinem
1391 2538 1622 2593 seruauit.

1132 2635 1281 2682 quam
1317 2619 1431 2667 miti
1465 2620 1677 2680 pectore.

359 2840 492 2897 Quae
539 2843 627 2902 qui
672 2841 1066 2901 consideraverit,
1111 2841 1257 2888 facile
1303 2840 1572 2903 intelleget,
1619 2855 1767 2901 quam
1804 2838 1927 2887 bene
2034 2883 2046 2898 ,¹

247 2916 298 2962 in
331 2915 458 2963 hanc
473 2915 714 2963 Italorum
743 2916 1071 2964 recensionem
1095 2915 1351 2976 quadrent,
1376 2930 1500 2976 quae
1522 2913 1657 2975 apud
1671 2913 1930 2976 Voigtium
1980 2948 1982 2950 ψ
2043 2908 2051 2930 *
