2094 3140
268 168 388 211 XLII
917 167 1268 212 PRAEFATIO.

271 294 431 354 empla
463 296 578 340 sunt
607 294 746 341 haec:
778 293 869 339 Ad.
895 293 945 339 Π
971 295 1017 347 2,
1039 295 1102 340 17
1139 293 1553 340 demonstratiuus
1579 286 1670 358 (sic
1692 287 1761 341 ΥΞ
1784 286 1938 358 ἀθίΐ.>]

271 366 575 415 demonstrat
611 368 756 414 huius
795 371 846 414 ut
884 362 1088 426 vid.V1,
1127 367 1270 413 huius
1311 366 1613 414 demonstrat
1657 367 1713 427 O,
1752 366 1842 412 Ad.
1869 367 1941 413 IV

273 443 317 501 5,
339 442 403 488 33
447 441 571 488 dixit
610 441 693 488 sed
730 442 877 487 miser
916 436 1066 503 amet]
1110 440 1234 487 dixit
1275 440 1357 487 sed
1395 441 1622 487 miseram
1655 443 1736 487 et·
1767 440 1817 501 C,
1859 441 1942 488 sed

269 515 495 562 miseram
522 516 645 561 dixit
671 516 718 561 et
745 515 789 561 V
809 507 985 579 (dett),
1017 514 1107 560 Ad.
1135 514 1179 559 V
1199 516 1244 573 9,
1266 515 1329 560 16
1359 515 1443 574 qui
1468 516 1623 560 amari
1647 512 1936 576 conabatur]

271 589 386 648 quia
437 591 563 635 mori
609 588 878 635 conabatur
927 587 978 647 Ο,
1033 589 1148 648 quia
1196 587 1465 634 conabatur
1510 590 1666 634 amari
1700 589 1744 635 V
1764 581 1940 654 (dett.)3

269 662 383 708 Hec.
410 662 486 708 HI
514 666 558 722 1,
579 663 608 708 8
651 665 736 708 aut
777 662 905 707 enim
944 661 1141 708 soluunt
1172 677 1259 708 nos
1292 657 1456 724 curae]
1493 663 1657 708 autem
1687 663 1942 710 insoluunt

270 751 357 782 nos
382 752 492 782 cure
524 735 574 795 C,
600 738 686 782 aut
711 736 839 780 enim
863 750 950 782 nos
977 750 1118 782 curae
1142 735 1397 782 insoluunt
1433 736 1475 781 V
1496 728 1672 800 (ἀρῶ),
1706 736 1764 782 cf.
1791 735 1939 782 etiam

270 825 418 870 supra
458 810 518 855 ad
557 809 708 854 Andr.
735 808 779 853 V
806 809 962 869 3‚25;
1003 810 1050 869 4,
1070 809 1150 855 34.

381 882 432 929 Si
473 883 709 944 originem
748 884 895 942 atque
934 882 1149 928 indolem
1188 882 1489 944 singulorum
1523 882 1759 930 librorum
1789 884 1939 944 respi-

270 958 436 1016 cimus,
475 958 526 1002 in
566 958 846 1002 universum
884 955 982 1003 dici
1019 958 1182 1016 potest
1219 957 1629 1017 praestantiorem
1665 971 1765 1004 esse
1797 955 1941 1002 fidem

270 1030 489 1077 codicum
527 1024 726 1076 ABVl.
814 1029 919 1086 Quo
973 1031 1130 1091 magis
1186 1029 1446 1076 dolendum
1501 1032 1574 1076 est
1626 1031 1678 1076 in
1727 1030 1941 1076 maxima

270 1105 531 1150 commenti
576 1105 716 1164 parte
764 1102 838 1149 his
878 1103 1085 1150 testibus
1126 1118 1212 1150 nos
1254 1118 1353 1150 esse
1394 1103 1677 1164 destitutos,
1726 1104 1846 1150 adeo
1885 1106 1942 1150 ut

270 1178 466 1223 omnino
509 1176 571 1223 ad
609 1177 890 1239 Maguntini
927 1178 1214 1224 memoriam
1254 1176 1467 1238 delegati
1505 1179 1668 1226 simus.
1733 1177 1827 1224 Sed
1861 1177 1941 1224 hic

269 1267 460 1311 quoque
499 1250 889 1311 perincommode
930 1250 1128 1309 accidit,
1169 1250 1299 1311 quod
1338 1251 1432 1297 duo
1472 1251 1660 1298 codices
1706 1277 1767 1284 —-
1814 1251 1858 1298 Τ
1893 1253 1942 1298 et

266 1325 315 1371 R
362 1325 469 1372 dico
509 1350 581 1356 -—
618 1340 715 1372 non
762 1325 860 1371 nisi
899 1325 1126 1386 exiguam
1163 1325 1316 1371 totius
1357 1326 1516 1384 operis
1555 1327 1747 1385 partem
1787 1325 1940 1372 conti-

267 1399 397 1459 nent,
430 1414 538 1445 cum
571 1398 701 1445 solus
738 1390 884 1463 0(F)
918 1399 1165 1460 integrum
1196 1397 1423 1445 exhibeat
1454 1400 1796 1445 commentum.
1851 1396 1941 1445 Cui

268 1471 455 1519 accedit
493 1471 642 1520 codex
669 1472 723 1532 V,
764 1487 907 1532 quem
945 1471 1058 1518 inde
1099 1471 1159 1518 ab
1183 1471 1275 1518 Ad.
1300 1471 1351 1518 H
1376 1472 1405 1518 3
1446 1473 1622 1519 testem
1654 1487 1755 1519 esse
1787 1473 1942 1519 incer-

266 1545 511 1592 tissimum
543 1546 737 1606 saepius
769 1547 1266 1594 commemoravimus.
1321 1546 1486 1606 Atque
1517 1548 1573 1593 ut
1597 1546 1943 1606 discernamus,

267 1620 352 1666 ubi
386 1620 431 1667 V
461 1635 519 1666 ex
548 1619 789 1667 Italorum
818 1621 1097 1666 recensione
1130 1617 1353 1679 pendeat,
1391 1635 1583 1666 necesse
1616 1622 1689 1667 est
1721 1619 1941 1667 consula-

267 1708 374 1740 mus
420 1693 570 1740 libros
617 1693 903 1755 deteriores,
952 1694 1039 1754 qui
1085 1693 1146 1739 ad
1185 1693 1386 1739 eandem
1423 1694 1754 1740 recensionem
1791 1695 1942 1754 perti-

267 1769 406 1827 nent,
453 1766 538 1814 ubi
583 1768 739 1830 igitur
771 1767 817 1814 V
858 1783 886 1814 a
933 1766 1111 1814 codicis
1155 1765 1196 1813 0
1230 1765 1464 1813 memoria
1503 1766 1708 1814 discedit
1745 1770 1794 1814 et
1832 1781 1941 1814 cum

268 1840 588 1888 deterioribus
620 1842 875 1901 consentit,
907 1839 1014 1887 fieri
1043 1855 1141 1888 non
1171 1842 1349 1901 potest,
1382 1841 1502 1900 quin
1532 1840 1668 1887 illius
1698 1842 1941 1900 scriptura

267 1915 318 1960 in
358 1929 597 1962 summam
635 1917 836 1962 vocetur
874 1915 1212 1975 suspicionem.
1274 1913 1411 1960 Idem
1443 1913 1575 1961 cadit
1604 1915 1656 1960 in
1688 1913 1938 1961 Phormio-

267 1988 343 2034 nis
398 1990 746 2049 commentum,
799 1988 884 2035 ubi
935 1991 1131 2049 praeter
1180 1987 1221 2035 O
1272 1987 1485 2035 codicem
1529 1987 1578 2033 R
1622 1987 1939 2049 Maguntinae

267 2063 527 2123 prosapiae
572 2063 749 2109 testem
794 2061 1042 2108 habemus.
1118 2061 1253 2108 Haec
1301 2063 1463 2108 autem
1509 2076 1560 2107 re
1609 2076 1725 2108 vera
1770 2062 1843 2108 ita
1888 2076 1939 2108 se

266 2134 443 2182 habere
491 2137 674 2196 optime
722 2135 1069 2196 comprobatur
1115 2135 1404 2182 lectionibus
1453 2134 1631 2182 codicis
1674 2133 1938 2195 Ouiaciani,

269 2224 389 2269 quas
434 2208 750 2257 Pithoeorum
797 2209 1050 2256 collationi
1095 2209 1339 2256 debemus.
1413 2207 1579 2255 Pauca
1622 2207 1821 2255 afferam
1861 2223 1938 2254 ex-

269 2282 443 2343 empla.
487 2282 528 2330 0
550 2276 765 2348 (Ouiae.)
782 2283 912 2330 ——V
931 2275 1107 2349 (dett.):
1138 2282 1229 2329 Ad.
1248 2281 1316 2329 IV
1338 2283 1470 2346 2,13
1504 2279 1755 2344 figurauit]
1781 2281 1939 2344 figura

269 2357 356 2402 aut
378 2381 450 2389 —-
473 2355 737 2419 figuratiue
775 2359 832 2403 ut
871 2356 1099 2417 dicimus,
1135 2355 1208 2402 IV
1235 2358 1281 2417 2,
1299 2357 1366 2402 43
1405 2371 1549 2402 mane
1587 2350 1781 2418 deueni]
1822 2369 1938 2401 man

268 2428 447 2476 deuani
471 2423 808 2495 (manaeuam)
831 2456 893 2462 —
913 2430 1090 2477 mande
1112 2430 1260 2490 iram3
1283 2429 1355 2476 IV
1381 2430 1427 2490 3,
1447 2431 1475 2476 2
1502 2429 1684 2476 fecerat
1708 2421 1938 2494 (faceret)

273 2528 333 2535 —
362 2505 617 2563 peccatum
640 2504 834 2566 fuisset3
858 2503 930 2550 IV
954 2505 1002 2564 4,
1022 2505 1052 2550 3
1079 2503 1324 2566 significat
1345 2529 1406 2535 ——
1428 2501 1688 2565 significet3
1712 2501 1782 2548 IV
1801 2503 1849 2562 4,
1869 2503 1935 2548 22

267 2575 416 2623 fuisse
446 2602 507 2608 —
538 2591 661 2637 esse3
698 2576 771 2623 IV
797 2578 842 2638 5,
863 2578 929 2624 59
971 2577 1319 2624 subaccusatur
1354 2576 1445 2624 hoc
1484 2568 1609 2642 (hic)
1641 2602 1702 2608 —
1728 2591 1818 2636 per
1846 2575 1938 2622 hoc

269 2650 634 2710 subaccusetur3
686 2649 759 2696 IV
801 2652 846 2711 7,
881 2650 910 2697 5
965 2650 1195 2713 mitigare
1248 2650 1343 2698 sibi
1395 2651 1631 2697 acriorem
1682 2648 1788 2696 fieri
1839 2650 1936 2696 ira—

269 2723 496 2770 cundiam
543 2716 726 2790 (-dum)
773 2723 993 2771 demeam
1022 2750 1095 2756 —
1125 2723 1430 2771 iracundiam
1468 2723 1664 2770 demeae
1704 2723 1938 2770 acriorem

206 2800 209 2808 “
267 2795 374 2843 fieri
418 2796 699 2857 possibilem
745 2796 839 2844 sibi
876 2797 1106 2859 mitigare
1146 2799 1314 2858 queat3
1359 2796 1476 2844 Hec.
1514 2797 1635 2857 prol.
1674 2794 1725 2842 H
1752 2798 1778 2842 1
1822 2795 1938 2842 dum

269 2862 436 2935 (dicit)
461 2895 534 2902 —
556 2873 874 2931 memoratum
912 2871 1034 2931 prol.
1066 2870 1117 2918 H
1143 2871 1208 2918 23
1250 2871 1303 2917 at
1339 2870 1425 2917 ubi
1463 2885 1574 2918 cum
1613 2862 1667 2934 (a
1696 2861 1936 2934 iudicum)

267 2958 479 3006 persona
506 2970 567 2978 —
595 2945 754 3005 primo
787 2959 895 2991 cum
927 2959 1156 3005 persona3
1186 2944 1211 2991 I
1239 2945 1369 3005 1,17
1403 2959 1594 3005 semper
1623 2943 1829 2990 suasisse
1862 2935 1939 3008 (se
