<?xml version="1.0" encoding="UTF-8"?>
<!DOCTYPE html PUBLIC "-//W3C//DTD XHTML 1.0 Transitional//EN"
    "http://www.w3.org/TR/xhtml1/DTD/xhtml1-transitional.dtd">
<html xmlns="http://www.w3.org/1999/xhtml" xml:lang="en" lang="en">
 <head>
  <title>
</title>
<meta http-equiv="Content-Type" content="text/html;charset=utf-8" />
  <meta name='ocr-system' content='tesseract 3.04.00' />
  <meta name='ocr-capabilities' content='ocr_page ocr_carea ocr_par ocr_line ocrx_word'/>
</head>
<body>
  <div class='ocr_page' id='page_1' title='image "./quodferturcommen01donauoft_0085.png"; bbox 0 0 2094 3140; ppageno 0'>
   <div class='ocr_carea' id='block_1_1' title="bbox 477 163 1851 216">
    <p class='ocr_par' dir='ltr' id='par_1_1' title="bbox 477 163 1851 216">
     <span class='ocr_line' id='line_1_1' title="bbox 477 163 1851 216; baseline -0.001 -7"><span class='ocrx_word' id='word_1_1' title='bbox 477 164 795 209; x_wconf 86' lang='lat' dir='ltr'><strong><em>EXCERPTA</em></strong></span> <span class='ocrx_word' id='word_1_2' title='bbox 826 163 905 207; x_wconf 90' lang='lat' dir='ltr'>DE</span> <span class='ocrx_word' id='word_1_3' title='bbox 938 163 1249 209; x_wconf 89' lang='lat' dir='ltr'>COMOEDIA</span> <span class='ocrx_word' id='word_1_4' title='bbox 1280 164 1384 207; x_wconf 90' lang='lat' dir='ltr'>VIII</span> <span class='ocrx_word' id='word_1_5' title='bbox 1409 169 1564 208; x_wconf 88' lang='lat'>6—11.</span> <span class='ocrx_word' id='word_1_6' title='bbox 1784 166 1851 216; x_wconf 83' lang='lat'>31</span> 
     </span>
    </p>
   </div>
   <div class='ocr_carea' id='block_1_2' title="bbox 176 288 1858 573">
    <p class='ocr_par' dir='ltr' id='par_1_2' title="bbox 176 288 1858 573">
     <span class='ocr_line' id='line_1_2' title="bbox 293 288 1856 349; baseline -0.002 -10"><span class='ocrx_word' id='word_1_7' title='bbox 293 294 356 339; x_wconf 91' lang='lat'>11</span> <span class='ocrx_word' id='word_1_8' title='bbox 413 289 693 338; x_wconf 81' lang='lat' dir='ltr'>huiusmodi</span> <span class='ocrx_word' id='word_1_9' title='bbox 726 288 943 336; x_wconf 81' lang='lat' dir='ltr'>carmina</span> <span class='ocrx_word' id='word_1_10' title='bbox 976 288 1037 335; x_wconf 87' lang='lat' dir='ltr'>ad</span> <span class='ocrx_word' id='word_1_11' title='bbox 1068 288 1216 336; x_wconf 90' lang='lat' dir='ltr'>tibias</span> <span class='ocrx_word' id='word_1_12' title='bbox 1248 288 1445 349; x_wconf 88' lang='lat' dir='ltr'>fiebant,</span> <span class='ocrx_word' id='word_1_13' title='bbox 1479 292 1535 335; x_wconf 92' lang='lat' dir='ltr'>ut</span> <span class='ocrx_word' id='word_1_14' title='bbox 1568 289 1640 336; x_wconf 89' lang='lat' dir='ltr'>his</span> <span class='ocrx_word' id='word_1_15' title='bbox 1675 290 1856 336; x_wconf 87' lang='lat' dir='ltr'>auditis</span> 
     </span>
     <span class='ocr_line' id='line_1_3' title="bbox 176 362 1855 426; baseline -0.002 -13"><span class='ocrx_word' id='word_1_16' title='bbox 176 366 325 413; x_wconf 91' lang='lat' dir='ltr'>multi</span> <span class='ocrx_word' id='word_1_17' title='bbox 364 380 420 412; x_wconf 88' lang='lat' dir='ltr'>ex</span> <span class='ocrx_word' id='word_1_18' title='bbox 450 364 633 426; x_wconf 89' lang='lat' dir='ltr'>populo</span> <span class='ocrx_word' id='word_1_19' title='bbox 674 365 786 410; x_wconf 88' lang='lat' dir='ltr'>ante</span> <span class='ocrx_word' id='word_1_20' title='bbox 826 363 1058 424; x_wconf 79' lang='lat' dir='ltr'>dicerent,</span> <span class='ocrx_word' id='word_1_21' title='bbox 1100 378 1247 424; x_wconf 87' lang='lat' dir='ltr'>quam</span> <span class='ocrx_word' id='word_1_22' title='bbox 1278 362 1499 409; x_wconf 86' lang='lat' dir='ltr'>fabulam</span> <span class='ocrx_word' id='word_1_23' title='bbox 1534 363 1694 410; x_wconf 90' lang='lat' dir='ltr'>acturi</span> <span class='ocrx_word' id='word_1_24' title='bbox 1726 378 1855 410; x_wconf 88' lang='lat' dir='ltr'>scae-</span> 
     </span>
     <span class='ocr_line' id='line_1_4' title="bbox 177 436 1856 498; baseline -0.002 -11"><span class='ocrx_word' id='word_1_25' title='bbox 177 439 274 486; x_wconf 90' lang='lat' dir='ltr'>nici</span> <span class='ocrx_word' id='word_1_26' title='bbox 313 441 494 498; x_wconf 89' lang='lat' dir='ltr'>essent,</span> <span class='ocrx_word' id='word_1_27' title='bbox 543 453 691 498; x_wconf 90' lang='lat' dir='ltr'>quam</span> <span class='ocrx_word' id='word_1_28' title='bbox 738 437 934 484; x_wconf 90' lang='lat' dir='ltr'>omnino</span> <span class='ocrx_word' id='word_1_29' title='bbox 974 436 1331 497; x_wconf 73' lang='lat' dir='ltr'>spectatoribus</span> <span class='ocrx_word' id='word_1_30' title='bbox 1370 436 1526 497; x_wconf 89' lang='lat' dir='ltr'>ipsius</span> <span class='ocrx_word' id='word_1_31' title='bbox 1568 436 1856 484; x_wconf 83' lang='lat' dir='ltr'>antecedens</span> 
     </span>
     <span class='ocr_line' id='line_1_5' title="bbox 176 509 1858 573; baseline -0.002 -14"><span class='ocrx_word' id='word_1_32' title='bbox 176 513 351 560; x_wconf 90' lang='lat' dir='ltr'>titulus</span> <span class='ocrx_word' id='word_1_33' title='bbox 389 511 804 573; x_wconf 82' lang='lat' dir='ltr'>pronuntiaretur.</span> <span class='ocrx_word' id='word_1_34' title='bbox 867 510 1143 572; x_wconf 85' lang='lat' dir='ltr'>agebantur</span> <span class='ocrx_word' id='word_1_35' title='bbox 1182 513 1347 558; x_wconf 89' lang='lat' dir='ltr'>autem</span> <span class='ocrx_word' id='word_1_36' title='bbox 1384 510 1521 557; x_wconf 86' lang='lat' dir='ltr'>tibiis</span> <span class='ocrx_word' id='word_1_37' title='bbox 1551 509 1767 571; x_wconf 89' lang='lat' dir='ltr'>paribus,</span> <span class='ocrx_word' id='word_1_38' title='bbox 1806 509 1858 556; x_wconf 90' lang='lat' dir='ltr'>id</span> 
     </span>
    </p>
   </div>
   <div class='ocr_carea' id='block_1_3' title="bbox 180 584 1925 645">
    <p class='ocr_par' dir='ltr' id='par_1_3' title="bbox 180 584 1925 645">
     <span class='ocr_line' id='line_1_6' title="bbox 180 584 1925 645; baseline -0.001 -11"><span class='ocrx_word' id='word_1_39' title='bbox 180 589 253 634; x_wconf 90' lang='lat' dir='ltr'>est</span> <span class='ocrx_word' id='word_1_40' title='bbox 277 586 457 633; x_wconf 84' lang='lat' dir='ltr'>dextris</span> <span class='ocrx_word' id='word_1_41' title='bbox 491 587 578 632; x_wconf 86' lang='lat' dir='ltr'>aut</span> <span class='ocrx_word' id='word_1_42' title='bbox 602 584 829 644; x_wconf 86' lang='lat' dir='ltr'>sinistris,</span> <span class='ocrx_word' id='word_1_43' title='bbox 861 587 910 631; x_wconf 90' lang='lat' dir='ltr'>et</span> <span class='ocrx_word' id='word_1_44' title='bbox 932 584 1216 645; x_wconf 85' lang='lat' dir='ltr'>imparibus.</span> <span class='ocrx_word' id='word_1_45' title='bbox 1279 584 1478 631; x_wconf 83' lang='lat' dir='ltr'>dextrae</span> <span class='ocrx_word' id='word_1_46' title='bbox 1511 587 1677 631; x_wconf 87' lang='lat' dir='ltr'>autem</span> <span class='ocrx_word' id='word_1_47' title='bbox 1703 584 1856 631; x_wconf 90' lang='lat' dir='ltr'>tibiae</span> <span class='ocrx_word' id='word_1_48' title='bbox 1904 600 1925 633; x_wconf 88' lang='lat'>5</span> 
     </span>
    </p>
   </div>
   <div class='ocr_carea' id='block_1_4' title="bbox 178 657 1859 942">
    <p class='ocr_par' dir='ltr' id='par_1_4' title="bbox 178 657 1859 942">
     <span class='ocr_line' id='line_1_7' title="bbox 179 657 1858 722; baseline -0.001 -15"><span class='ocrx_word' id='word_1_49' title='bbox 179 675 265 707; x_wconf 91' lang='lat' dir='ltr'>sua</span> <span class='ocrx_word' id='word_1_50' title='bbox 304 659 550 722; x_wconf 88' lang='lat' dir='ltr'>grauitate</span> <span class='ocrx_word' id='word_1_51' title='bbox 590 657 768 706; x_wconf 87' lang='lat' dir='ltr'>seriam</span> <span class='ocrx_word' id='word_1_52' title='bbox 806 657 1082 705; x_wconf 87' lang='lat' dir='ltr'>comoediae</span> <span class='ocrx_word' id='word_1_53' title='bbox 1123 657 1386 705; x_wconf 88' lang='lat' dir='ltr'>dictionem</span> <span class='ocrx_word' id='word_1_54' title='bbox 1422 657 1858 719; x_wconf 85' lang='lat' dir='ltr'>praenuntiabant,</span> 
     </span>
     <span class='ocr_line' id='line_1_8' title="bbox 179 727 1859 797; baseline -0.002 -17"><span class='ocrx_word' id='word_1_55' title='bbox 179 733 402 781; x_wconf 87' lang='lat' dir='ltr'>sinistrae</span> <span class='ocrx_word' id='word_1_56' title='bbox 444 727 728 797; x_wconf 86' lang='lat' dir='ltr'>[Serranae]</span> <span class='ocrx_word' id='word_1_57' title='bbox 770 733 1007 779; x_wconf 88' lang='lat' dir='ltr'>acuminis</span> <span class='ocrx_word' id='word_1_58' title='bbox 1053 732 1258 779; x_wconf 89' lang='lat' dir='ltr'>leuitate</span> <span class='ocrx_word' id='word_1_59' title='bbox 1303 731 1464 779; x_wconf 89' lang='lat' dir='ltr'>iocum</span> <span class='ocrx_word' id='word_1_60' title='bbox 1509 731 1561 778; x_wconf 92' lang='lat' dir='ltr'>in</span> <span class='ocrx_word' id='word_1_61' title='bbox 1607 731 1859 780; x_wconf 84' lang='lat' dir='ltr'>comoedia</span> 
     </span>
     <span class='ocr_line' id='line_1_9' title="bbox 178 805 1857 855; baseline -0.001 -1"><span class='ocrx_word' id='word_1_62' title='bbox 178 806 512 855; x_wconf 88' lang='lat' dir='ltr'>ostendebant.</span> <span class='ocrx_word' id='word_1_63' title='bbox 582 806 665 852; x_wconf 91' lang='lat' dir='ltr'>ubi</span> <span class='ocrx_word' id='word_1_64' title='bbox 706 808 870 853; x_wconf 85' lang='lat' dir='ltr'>autem</span> <span class='ocrx_word' id='word_1_65' title='bbox 908 805 1078 853; x_wconf 87' lang='lat' dir='ltr'>dextra</span> <span class='ocrx_word' id='word_1_66' title='bbox 1111 808 1159 853; x_wconf 93' lang='lat' dir='ltr'>et</span> <span class='ocrx_word' id='word_1_67' title='bbox 1190 805 1391 853; x_wconf 89' lang='lat' dir='ltr'>sinistra</span> <span class='ocrx_word' id='word_1_68' title='bbox 1430 808 1541 853; x_wconf 90' lang='lat' dir='ltr'>acta</span> <span class='ocrx_word' id='word_1_69' title='bbox 1578 805 1745 852; x_wconf 83' lang='lat' dir='ltr'>fabula</span> <span class='ocrx_word' id='word_1_70' title='bbox 1783 806 1857 851; x_wconf 90' lang='lat' dir='ltr'>in-</span> 
     </span>
     <span class='ocr_line' id='line_1_10' title="bbox 180 879 1730 942; baseline -0.002 -13"><span class='ocrx_word' id='word_1_71' title='bbox 180 881 496 940; x_wconf 88' lang='lat' dir='ltr'>scribebatur,</span> <span class='ocrx_word' id='word_1_72' title='bbox 534 880 727 926; x_wconf 83' lang='lat' dir='ltr'>mixtim</span> <span class='ocrx_word' id='word_1_73' title='bbox 765 881 858 927; x_wconf 88' lang='lat' dir='ltr'>ioci</span> <span class='ocrx_word' id='word_1_74' title='bbox 902 882 951 926; x_wconf 91' lang='lat' dir='ltr'>et</span> <span class='ocrx_word' id='word_1_75' title='bbox 989 879 1262 942; x_wconf 86' lang='lat' dir='ltr'>grauitates</span> <span class='ocrx_word' id='word_1_76' title='bbox 1302 879 1730 927; x_wconf 88' lang='lat' dir='ltr'>denuntiabantur.</span> 
     </span>
    </p>
   </div>
   <div class='ocr_carea' id='block_1_5' title="bbox 171 1034 1860 1625">
    <p class='ocr_par' dir='ltr' id='par_1_5' title="bbox 171 1034 1860 1625">
     <span class='ocr_line' id='line_1_11' title="bbox 299 1034 1853 1094; baseline -0.001 -16"><span class='ocrx_word' id='word_1_77' title='bbox 299 1041 321 1079; x_wconf 91' lang='lat'>1</span> <span class='ocrx_word' id='word_1_78' title='bbox 356 1035 494 1079; x_wconf 89' lang='lat' dir='ltr'>huius</span> <span class='ocrx_word' id='word_1_79' title='bbox 525 1034 653 1079; x_wconf 90' lang='lat' dir='ltr'>modi</span> <span class='ocrx_word' id='word_1_80' title='bbox 685 1034 876 1094; x_wconf 82' lang='lat' dir='ltr'>(adeo)</span> <span class='ocrx_word' id='word_1_81' title='bbox 915 1035 1056 1079; x_wconf 81' lang='lat' dir='ltr'>TFG</span> <span class='ocrx_word' id='word_1_82' title='bbox 1068 1035 1112 1079; x_wconf 89' lang='lat' dir='ltr'><strong><em>V</em></strong></span> <span class='ocrx_word' id='word_1_83' title='bbox 1154 1038 1160 1091; x_wconf 85' lang='grc' dir='ltr'>Ι</span> <span class='ocrx_word' id='word_1_84' title='bbox 1211 1035 1272 1078; x_wconf 87' lang='lat' dir='ltr'>ad</span> <span class='ocrx_word' id='word_1_85' title='bbox 1310 1034 1466 1091; x_wconf 82' lang='lat' dir='ltr'>tybias</span> <span class='ocrx_word' id='word_1_86' title='bbox 1508 1035 1545 1080; x_wconf 80' lang='grc' dir='ltr'><em>Ο</em></span> <span class='ocrx_word' id='word_1_87' title='bbox 1558 1035 1609 1090; x_wconf 90' lang='lat' dir='ltr'>V,</span> <span class='ocrx_word' id='word_1_88' title='bbox 1650 1049 1733 1079; x_wconf 82' lang='lat' dir='ltr'>om.</span> <span class='ocrx_word' id='word_1_89' title='bbox 1767 1035 1818 1077; x_wconf 84' lang='lat' dir='ltr'>F</span> <span class='ocrx_word' id='word_1_90' title='bbox 1848 1034 1853 1092; x_wconf 86' lang='grc' dir='ltr'>Ι</span> 
     </span>
     <span class='ocr_line' id='line_1_12' title="bbox 178 1093 1859 1152; baseline -0.002 -13"><span class='ocrx_word' id='word_1_91' title='bbox 178 1095 393 1139; x_wconf 89' lang='lat' dir='ltr'>ferebant</span> <span class='ocrx_word' id='word_1_92' title='bbox 425 1095 491 1149; x_wconf 89' lang='lat' dir='ltr'>F,</span> <span class='ocrx_word' id='word_1_93' title='bbox 530 1094 766 1138; x_wconf 88' lang='lat' dir='ltr'>fertebant</span> <span class='ocrx_word' id='word_1_94' title='bbox 803 1095 859 1150; x_wconf 88' lang='grc' dir='ltr'>Τ,</span> <span class='ocrx_word' id='word_1_95' title='bbox 900 1093 1134 1138; x_wconf 89' lang='lat' dir='ltr'>feriebant</span> <span class='ocrx_word' id='word_1_96' title='bbox 1165 1093 1204 1138; x_wconf 81' lang='grc' dir='ltr'><em>Ο</em></span> <span class='ocrx_word' id='word_1_97' title='bbox 1245 1097 1259 1151; x_wconf 88' lang='grc' dir='ltr'>ΙΙ</span> <span class='ocrx_word' id='word_1_98' title='bbox 1305 1100 1330 1137; x_wconf 84' lang='grc'>2</span> <span class='ocrx_word' id='word_1_99' title='bbox 1362 1093 1510 1138; x_wconf 88' lang='lat' dir='ltr'>multo</span> <span class='ocrx_word' id='word_1_100' title='bbox 1546 1094 1595 1138; x_wconf 88' lang='lat' dir='ltr'><strong><em>F</em></strong></span> <span class='ocrx_word' id='word_1_101' title='bbox 1638 1096 1643 1149; x_wconf 81' lang='grc' dir='ltr'>Ι</span> <span class='ocrx_word' id='word_1_102' title='bbox 1694 1094 1768 1152; x_wconf 91' lang='lat' dir='ltr'>ex]</span> <span class='ocrx_word' id='word_1_103' title='bbox 1810 1096 1859 1137; x_wconf 89' lang='lat' dir='ltr'>et</span> 
     </span>
     <span class='ocr_line' id='line_1_13' title="bbox 181 1152 1858 1219; baseline -0.002 -21"><span class='ocrx_word' id='word_1_104' title='bbox 181 1155 286 1210; x_wconf 79' lang='lat' dir='ltr'>TC,</span> <span class='ocrx_word' id='word_1_105' title='bbox 327 1168 351 1198; x_wconf 91' lang='lat' dir='ltr'>e</span> <span class='ocrx_word' id='word_1_106' title='bbox 391 1154 435 1196; x_wconf 89' lang='lat' dir='ltr'><strong><em>V</em></strong></span> <span class='ocrx_word' id='word_1_107' title='bbox 479 1156 485 1209; x_wconf 85' lang='grc' dir='ltr'>Ι</span> <span class='ocrx_word' id='word_1_108' title='bbox 536 1153 768 1197; x_wconf 88' lang='lat' dir='ltr'>discerent</span> <span class='ocrx_word' id='word_1_109' title='bbox 799 1153 948 1207; x_wconf 63' lang='lat' dir='ltr'>codd„</span> <span class='ocrx_word' id='word_1_110' title='bbox 987 1167 1098 1198; x_wconf 79' lang='lat' dir='ltr'>corr.</span> <span class='ocrx_word' id='word_1_111' title='bbox 1133 1153 1346 1198; x_wconf 78' lang='lat' dir='ltr'>Muretus</span> <span class='ocrx_word' id='word_1_112' title='bbox 1390 1155 1404 1210; x_wconf 88' lang='grc' dir='ltr'>ΙΙ</span> <span class='ocrx_word' id='word_1_113' title='bbox 1451 1158 1476 1196; x_wconf 89' lang='grc'><strong>3</strong></span> <span class='ocrx_word' id='word_1_114' title='bbox 1509 1167 1650 1209; x_wconf 86' lang='lat' dir='ltr'>quam</span> <span class='ocrx_word' id='word_1_115' title='bbox 1689 1152 1858 1219; x_wconf 73' lang='lat' dir='ltr'>(iam)</span> 
     </span>
     <span class='ocr_line' id='line_1_14' title="bbox 181 1211 1856 1271; baseline -0.002 -14"><span class='ocrx_word' id='word_1_116' title='bbox 181 1214 239 1269; x_wconf 83' lang='lat' dir='ltr'>T,</span> <span class='ocrx_word' id='word_1_117' title='bbox 279 1227 373 1269; x_wconf 87' lang='lat' dir='ltr'>qua</span> <span class='ocrx_word' id='word_1_118' title='bbox 404 1214 447 1256; x_wconf 89' lang='lat' dir='ltr'><strong><em>A</em></strong></span> <span class='ocrx_word' id='word_1_119' title='bbox 493 1215 508 1270; x_wconf 78' lang='grc' dir='ltr'>ΙΙ</span> <span class='ocrx_word' id='word_1_120' title='bbox 552 1218 580 1256; x_wconf 82' lang='grc'>4</span> <span class='ocrx_word' id='word_1_121' title='bbox 621 1213 796 1271; x_wconf 88' lang='lat' dir='ltr'>autem]</span> <span class='ocrx_word' id='word_1_122' title='bbox 837 1211 983 1268; x_wconf 88' lang='lat' dir='ltr'>igitur</span> <span class='ocrx_word' id='word_1_123' title='bbox 1021 1213 1064 1255; x_wconf 91' lang='lat' dir='ltr'><strong><em>V</em></strong></span> <span class='ocrx_word' id='word_1_124' title='bbox 1093 1216 1099 1268; x_wconf 79' lang='grc' dir='ltr'>Ι</span> <span class='ocrx_word' id='word_1_125' title='bbox 1142 1212 1286 1268; x_wconf 84' lang='lat' dir='ltr'>tybiis</span> <span class='ocrx_word' id='word_1_126' title='bbox 1320 1213 1364 1257; x_wconf 93' lang='lat' dir='ltr'><strong><em>V</em></strong></span> <span class='ocrx_word' id='word_1_127' title='bbox 1400 1213 1406 1271; x_wconf 83' lang='grc' dir='ltr'>Ι</span> <span class='ocrx_word' id='word_1_128' title='bbox 1447 1212 1498 1255; x_wconf 89' lang='lat' dir='ltr'>id</span> <span class='ocrx_word' id='word_1_129' title='bbox 1523 1239 1578 1246; x_wconf 88' lang='lat'>-</span> <span class='ocrx_word' id='word_1_130' title='bbox 1603 1217 1628 1255; x_wconf 86' lang='lat'>5</span> <span class='ocrx_word' id='word_1_131' title='bbox 1655 1211 1856 1255; x_wconf 83' lang='lat' dir='ltr'>sinistris</span> 
     </span>
     <span class='ocr_line' id='line_1_15' title="bbox 171 1271 1860 1330; baseline -0.001 -14"><span class='ocrx_word' id='word_1_132' title='bbox 171 1278 275 1329; x_wconf 82' lang='lat' dir='ltr'>post</span> <span class='ocrx_word' id='word_1_133' title='bbox 305 1271 562 1329; x_wconf 85' lang='lat' dir='ltr'>imparibus</span> <span class='ocrx_word' id='word_1_134' title='bbox 594 1273 736 1325; x_wconf 66' lang='lat' dir='ltr'>codd„</span> <span class='ocrx_word' id='word_1_135' title='bbox 767 1277 939 1327; x_wconf 77' lang='lat' dir='ltr'>transp.</span> <span class='ocrx_word' id='word_1_136' title='bbox 972 1272 1065 1316; x_wconf 86' lang='lat' dir='ltr'>Leo</span> <span class='ocrx_word' id='word_1_137' title='bbox 1110 1273 1124 1327; x_wconf 79' lang='grc' dir='ltr'>ΙΙ</span> <span class='ocrx_word' id='word_1_138' title='bbox 1171 1276 1196 1315; x_wconf 81' lang='lat'>5</span> <span class='ocrx_word' id='word_1_139' title='bbox 1230 1272 1331 1330; x_wconf 86' lang='lat' dir='ltr'>aut]</span> <span class='ocrx_word' id='word_1_140' title='bbox 1365 1274 1412 1315; x_wconf 90' lang='lat' dir='ltr'>et</span> <span class='ocrx_word' id='word_1_141' title='bbox 1451 1272 1522 1329; x_wconf 81' lang='lat' dir='ltr'>Vl</span> <span class='ocrx_word' id='word_1_142' title='bbox 1558 1273 1604 1315; x_wconf 91' lang='lat' dir='ltr'>et</span> <span class='ocrx_word' id='word_1_143' title='bbox 1636 1272 1742 1326; x_wconf 56' lang='lat' dir='ltr'>del„</span> <span class='ocrx_word' id='word_1_144' title='bbox 1776 1272 1860 1314; x_wconf 87' lang='lat' dir='ltr'>aut</span> 
     </span>
     <span class='ocr_line' id='line_1_16' title="bbox 177 1329 1857 1389; baseline -0.002 -13"><span class='ocrx_word' id='word_1_145' title='bbox 177 1345 280 1377; x_wconf 76' lang='lat' dir='ltr'>sscr.</span> <span class='ocrx_word' id='word_1_146' title='bbox 315 1331 383 1374; x_wconf 75' lang='lat'>1⁷²</span> <span class='ocrx_word' id='word_1_147' title='bbox 424 1335 430 1387; x_wconf 87' lang='grc' dir='ltr'>Ι</span> <span class='ocrx_word' id='word_1_148' title='bbox 472 1330 631 1387; x_wconf 84' lang='lat' dir='ltr'>tybiae</span> <span class='ocrx_word' id='word_1_149' title='bbox 664 1331 759 1374; x_wconf 80' lang='lat' dir='ltr'>FC</span> <span class='ocrx_word' id='word_1_150' title='bbox 771 1331 830 1386; x_wconf 86' lang='lat' dir='ltr'>V,</span> <span class='ocrx_word' id='word_1_151' title='bbox 870 1330 988 1389; x_wconf 65' lang='lat' dir='ltr'>lithe</span> <span class='ocrx_word' id='word_1_152' title='bbox 1015 1332 1061 1375; x_wconf 95' lang='lat' dir='ltr'><strong><em>A</em></strong></span> <span class='ocrx_word' id='word_1_153' title='bbox 1106 1332 1121 1387; x_wconf 84' lang='grc'>11</span> <span class='ocrx_word' id='word_1_154' title='bbox 1168 1335 1192 1374; x_wconf 91' lang='grc'>6</span> <span class='ocrx_word' id='word_1_155' title='bbox 1232 1330 1481 1387; x_wconf 87' lang='lat' dir='ltr'>grauitatis</span> <span class='ocrx_word' id='word_1_156' title='bbox 1520 1331 1560 1374; x_wconf 88' lang='lat' dir='ltr'><em>T</em></span> <span class='ocrx_word' id='word_1_157' title='bbox 1597 1334 1602 1386; x_wconf 86' lang='grc' dir='ltr'>Ι</span> <span class='ocrx_word' id='word_1_158' title='bbox 1646 1329 1857 1374; x_wconf 86' lang='lat' dir='ltr'>dilectio-</span> 
     </span>
     <span class='ocr_line' id='line_1_17' title="bbox 176 1389 1856 1446; baseline -0.001 -12"><span class='ocrx_word' id='word_1_159' title='bbox 176 1404 284 1435; x_wconf 90' lang='lat' dir='ltr'>nem</span> <span class='ocrx_word' id='word_1_160' title='bbox 307 1391 352 1434; x_wconf 91' lang='lat' dir='ltr'><strong><em>A</em></strong></span> <span class='ocrx_word' id='word_1_161' title='bbox 380 1392 385 1446; x_wconf 83' lang='grc' dir='ltr'>Ι</span> <span class='ocrx_word' id='word_1_162' title='bbox 411 1389 781 1446; x_wconf 87' lang='lat' dir='ltr'>pronuntiabant</span> <span class='ocrx_word' id='word_1_163' title='bbox 805 1391 851 1434; x_wconf 95' lang='lat' dir='ltr'><strong><em>A</em></strong></span> <span class='ocrx_word' id='word_1_164' title='bbox 867 1390 980 1446; x_wconf 85' lang='lat' dir='ltr'>VF,</span> <span class='ocrx_word' id='word_1_165' title='bbox 1014 1390 1118 1433; x_wconf 88' lang='lat' dir='ltr'>-bat</span> <span class='ocrx_word' id='word_1_166' title='bbox 1144 1390 1186 1433; x_wconf 88' lang='grc' dir='ltr'><em>Τ</em></span> <span class='ocrx_word' id='word_1_167' title='bbox 1194 1389 1247 1446; x_wconf 82' lang='lat' dir='ltr'>G,</span> <span class='ocrx_word' id='word_1_168' title='bbox 1273 1404 1383 1434; x_wconf 76' lang='lat' dir='ltr'>corr.</span> <span class='ocrx_word' id='word_1_169' title='bbox 1410 1390 1624 1434; x_wconf 81' lang='lat' dir='ltr'>Muretus</span> <span class='ocrx_word' id='word_1_170' title='bbox 1653 1391 1667 1446; x_wconf 85' lang='grc' dir='ltr'>ΙΙ</span> <span class='ocrx_word' id='word_1_171' title='bbox 1684 1422 1686 1425; x_wconf 86' lang='grc'>-</span> <span class='ocrx_word' id='word_1_172' title='bbox 1705 1394 1728 1432; x_wconf 84' lang='grc'><strong>7</strong></span> <span class='ocrx_word' id='word_1_173' title='bbox 1762 1402 1856 1432; x_wconf 85' lang='lat' dir='ltr'>ser-</span> 
     </span>
     <span class='ocr_line' id='line_1_18' title="bbox 177 1449 1860 1508; baseline -0.002 -14"><span class='ocrx_word' id='word_1_174' title='bbox 177 1464 320 1494; x_wconf 88' lang='lat' dir='ltr'>ranae</span> <span class='ocrx_word' id='word_1_175' title='bbox 354 1450 466 1506; x_wconf 86' lang='lat' dir='ltr'>FV,</span> <span class='ocrx_word' id='word_1_176' title='bbox 499 1462 675 1508; x_wconf 68' lang='lat' dir='ltr'>serrare</span> <span class='ocrx_word' id='word_1_177' title='bbox 699 1451 766 1506; x_wconf 89' lang='lat' dir='ltr'>A,</span> <span class='ocrx_word' id='word_1_178' title='bbox 800 1451 982 1493; x_wconf 85' lang='lat' dir='ltr'>sertane</span> <span class='ocrx_word' id='word_1_179' title='bbox 1016 1449 1069 1504; x_wconf 81' lang='lat' dir='ltr'>C,</span> <span class='ocrx_word' id='word_1_180' title='bbox 1103 1450 1230 1492; x_wconf 86' lang='lat' dir='ltr'>certa</span> <span class='ocrx_word' id='word_1_181' title='bbox 1262 1453 1286 1492; x_wconf 74' lang='lat' dir='ltr'>e</span> <span class='ocrx_word' id='word_1_182' title='bbox 1317 1450 1372 1502; x_wconf 80' lang='lat' dir='ltr'>T3</span> <span class='ocrx_word' id='word_1_183' title='bbox 1405 1450 1502 1493; x_wconf 82' lang='lat' dir='ltr'>secl.</span> <span class='ocrx_word' id='word_1_184' title='bbox 1529 1449 1665 1503; x_wconf 67' lang='lat' dir='ltr'><strong><em>Reiff.</em></strong></span> <span class='ocrx_word' id='word_1_185' title='bbox 1699 1450 1714 1505; x_wconf 76' lang='grc' dir='ltr'>ΙΙ</span> <span class='ocrx_word' id='word_1_186' title='bbox 1752 1451 1778 1491; x_wconf 87' lang='grc'>8</span> <span class='ocrx_word' id='word_1_187' title='bbox 1811 1450 1860 1492; x_wconf 85' lang='lat' dir='ltr'>et</span> 
     </span>
     <span class='ocr_line' id='line_1_19' title="bbox 179 1506 1854 1565; baseline -0.002 -12"><span class='ocrx_word' id='word_1_188' title='bbox 179 1523 261 1554; x_wconf 84' lang='lat' dir='ltr'>om.</span> <span class='ocrx_word' id='word_1_189' title='bbox 300 1508 456 1563; x_wconf 81' lang='lat' dir='ltr'>TFO,</span> <span class='ocrx_word' id='word_1_190' title='bbox 495 1522 598 1553; x_wconf 65' lang='grc' dir='ltr'><em>δεον.</em></span> <span class='ocrx_word' id='word_1_191' title='bbox 635 1507 697 1551; x_wconf 65' lang='lat' dir='ltr'>V*</span> <span class='ocrx_word' id='word_1_192' title='bbox 742 1510 757 1565; x_wconf 82' lang='grc' dir='ltr'>ΙΙ</span> <span class='ocrx_word' id='word_1_193' title='bbox 803 1513 828 1551; x_wconf 89' lang='grc'>9</span> <span class='ocrx_word' id='word_1_194' title='bbox 867 1507 1040 1552; x_wconf 84' lang='lat' dir='ltr'>mistim</span> <span class='ocrx_word' id='word_1_195' title='bbox 1078 1509 1119 1552; x_wconf 83' lang='lat' dir='ltr'><strong><em>T</em></strong></span> <span class='ocrx_word' id='word_1_196' title='bbox 1158 1509 1164 1564; x_wconf 78' lang='grc' dir='ltr'>Ι</span> <span class='ocrx_word' id='word_1_197' title='bbox 1206 1507 1298 1551; x_wconf 90' lang='lat' dir='ltr'>loci</span> <span class='ocrx_word' id='word_1_198' title='bbox 1341 1508 1483 1552; x_wconf 80' lang='lat' dir='ltr'>TFG</span> <span class='ocrx_word' id='word_1_199' title='bbox 1522 1510 1527 1565; x_wconf 90' lang='grc' dir='ltr'>Ι</span> <span class='ocrx_word' id='word_1_200' title='bbox 1570 1510 1617 1552; x_wconf 87' lang='lat' dir='ltr'>et</span> <span class='ocrx_word' id='word_1_201' title='bbox 1656 1521 1738 1552; x_wconf 86' lang='lat' dir='ltr'>om.</span> <span class='ocrx_word' id='word_1_202' title='bbox 1777 1507 1817 1550; x_wconf 93' lang='lat' dir='ltr'><em>T</em></span> <span class='ocrx_word' id='word_1_203' title='bbox 1849 1506 1854 1565; x_wconf 69' lang='grc' dir='ltr'>Ι</span> 
     </span>
     <span class='ocr_line' id='line_1_20' title="bbox 178 1566 511 1625; baseline 0 -14"><span class='ocrx_word' id='word_1_204' title='bbox 178 1566 427 1625; x_wconf 85' lang='lat' dir='ltr'>grauitatis</span> <span class='ocrx_word' id='word_1_205' title='bbox 466 1568 511 1611; x_wconf 92' lang='lat' dir='ltr'><strong><em>V</em></strong></span> 
     </span>
    </p>
   </div>
  </div>
 </body>
</html>
