2094 3140
292 115 481 159 XXXVI
939 114 1289 158 PRAEFATIO.

294 236 342 277 et
371 233 527 277 lacobi
560 232 735 276 Cuiacii
766 233 1118 276 Antecessorum
1148 232 1507 276 Bituricensium
1539 231 1730 286 collata,
1767 244 1960 287 quorum

294 292 466 336 auxilio
498 291 545 334 in
576 292 663 334 hoc
692 292 1019 335 commentario
1042 291 1269 347 plurimae
1292 291 1486 334 lacunae
1511 291 1751 347 suppletae
1776 289 1962 346 aliaque

293 351 476 394 infinita
514 353 665 394 enata
703 350 965 406 integritati
1003 364 1111 393 suae
1143 350 1360 393 restituta
1392 352 1510 394 sunt.
1572 351 1787 393 Iuverunt
1818 349 1961 392 etiam

293 409 503 454 nonnihil
551 409 833 453 collectanea
874 409 1103 464 quaedam
1141 423 1258 464 quae
1298 410 1346 452 in
1384 408 1669 452 bibliotheca
1707 407 1837 465 regia
1875 408 1961 451 Pa-

293 469 494 523 risiensi,
543 471 590 511 et
629 468 824 511 schedae
863 470 971 511 vett.
1011 468 1107 512 Pet.
1149 467 1356 511 Danielis
1395 467 1634 511 Aureliani
1672 466 1759 510 viri
1797 467 1961 510 huma-

293 527 504 571 nissimi’
567 527 634 570 De
667 526 962 570 Pithoeorum
1000 526 1247 570 collatione
1283 526 1376 570 iam
1408 540 1545 582 supra
1577 526 1716 569 verba
1746 525 1961 581 fecimus;

294 586 472 630 schedis
529 588 681 629 autem
732 584 859 628 Petri
904 585 1111 628 Danielis
1167 586 1263 629 cod.
1311 585 1573 628 Parisinum
1621 587 1665 629 A
1711 583 1963 641 significari

292 645 547 688 rectissime
573 643 907 688 demonstravit
929 644 1151 688 Dziatzko
1178 645 1309 701 (Mus.
1334 644 1478 688 Rhen.
1503 644 1609 687 XIX
1632 648 1717 687 450
1729 647 1825 699 sq.).
1873 643 1962 687 Sed

293 704 342 746 in
380 705 467 747 hoc
500 717 672 747 errasse
704 702 818 745 mihi
848 702 1030 746 videtur
1059 703 1128 745 vir
1165 702 1477 757 doctissimus,
1519 703 1643 758 quod
1676 703 1731 746 de
1763 702 1962 745 Linden-

294 762 447 819 brogii
486 761 777 806 collectaneis
809 762 1023 817 protulit:
1067 761 1152 806 ‘sie
1183 775 1337 805 waren
1371 761 1472 805 eine
1503 761 1758 818 gedruckte
1789 761 1963 805 Donat-

296 821 500 878 ausgabe
537 820 623 863 mit
659 820 1105 864 handschriftlichen
1143 821 1419 876 Varianten,
1458 819 1842 864 wahrscheinlich
1883 819 1967 863 auf

295 879 560 935 Grundlage
600 880 678 922 des
720 879 816 923 cod.
860 884 991 935 7920,
1036 880 1131 922 und
1168 879 1255 923 mit
1294 879 1630 936 Conjecturen.'
1699 879 1820 922 Nam
1859 893 1963 922 cum

293 939 607 994 Lindenbrog,
655 940 707 981 ut
751 938 849 994 ipse
896 938 944 981 in
988 938 1278 995 praefatione
1326 939 1481 993 docet,
1530 939 1627 982 cod.
1668 937 1812 983 Paris.
1848 942 1960 981 7899

293 997 479 1041 Terenti
519 998 578 1040 ad
617 997 928 1041 emendandas
969 997 1228 1041 comoedias
1270 997 1557 1052 adhibuerit,
1599 997 1649 1040 in
1686 998 1774 1040 hoc
1806 999 1963 1040 autem

294 1056 471 1111 codice,
511 1070 646 1111 quem
678 1056 827 1100 editor
857 1056 905 1098 in
937 1056 1337 1100 observationibus
1369 1057 1451 1099 Ms.
1477 1057 1707 1114 R(egium)
1741 1055 1961 1113 appellat,

293 1115 521 1171 permulta
560 1114 731 1158 Donati
771 1115 947 1158 scholia
984 1119 1143 1172 (usque
1185 1115 1243 1158 ad
1277 1115 1417 1159 Andr.
1451 1117 1627 1172 15,10)
1659 1115 1966 1159 exhibeantur

294 1174 366 1228 (cf.
386 1174 627 1230 Umpfenb.
646 1174 788 1230 praef.
807 1174 975 1229 XXVI3
1001 1174 1177 1228 Schlee‚
1203 1173 1388 1218 Scholia
1404 1174 1584 1217 Terent.
1601 1179 1677 1229 383
1703 1173 1961 1229 Chatelain,

296 1233 520 1289 ‘Paleogn
549 1233 627 1276 des
656 1233 787 1277 class,
812 1233 933 1276 Lat.’
963 1233 1023 1275 ad
1046 1233 1141 1278 tab.
1167 1232 1281 1290 Vn),
1313 1233 1428 1276 mihi
1451 1233 1638 1288 quidem
1660 1233 1757 1276 veri
1780 1232 1966 1276 videtur

294 1305 391 1335 esse
439 1291 724 1334 simillimum
769 1291 841 1334 his
882 1291 1106 1348 excerptis
1148 1291 1245 1335 cod.
1285 1291 1485 1335 Parisini
1525 1297 1638 1335 7899
1684 1306 1819 1335 usum
1865 1305 1964 1335 esse

293 1350 685 1406 Lindenbrogium
710 1354 768 1407 (v.
795 1351 994 1394 ‘Unters
1021 1367 1056 1394 z.
1083 1351 1165 1394 lat.
1187 1350 1513 1394 Scholienlitt.’
1542 1357 1596 1394 22
1608 1365 1695 1406 sq.;
1723 1351 1778 1396 cf.
1805 1350 1963 1405 etiam,

294 1423 413 1464 quae
450 1409 499 1452 in
537 1410 712 1453 observ.
746 1425 789 1465 p.
817 1414 930 1452 640ίῖι
969 1410 1025 1452 de
1058 1409 1251 1466 Sulpicii
1290 1409 1510 1466 periocha
1541 1424 1595 1454 ex
1626 1410 1710 1454 Ms.
1742 1410 1795 1454 R.
1830 1409 1966 1454 affert

293 1468 589 1525 Lindenbrog
619 1470 667 1511 et
697 1467 1054 1524 Umpfenbachii
1079 1468 1426 1512 adnotationem
1454 1469 1511 1512 de
1536 1468 1693 1512 codice
1718 1469 1763 1512 P
1782 1484 1827 1525 p.
1845 1471 1962 1524 430).

293 1527 361 1570 De
392 1527 537 1570 altero
571 1526 747 1571 Cuiacii
779 1527 935 1571 codice
964 1526 1307 1584 Lindenbrogio
1338 1527 1560 1584 permisso
1584 1543 1624 1573 v.
1648 1528 1826 1584 Hagen,
1853 1527 1966 1570 ‘Der

294 1586 333 1629 J.
351 1600 393 1629 u.
413 1586 492 1629 Ph.
518 1586 654 1630 Peter
676 1585 860 1630 Daniel'
893 1601 938 1642 p,
964 1591 1032 1630 31.

124 1652 357 1687 western.
421 1647 463 1699 6)
494 1644 687 1688 Editio
715 1645 948 1701 Hagana
972 1659 1011 1689 a.
1041 1649 1151 1688 1726
1175 1644 1363 1688 Henrici
1387 1645 1725 1690 Westerhov.
1777 1645 1968 1689 Praeter

122 2239 282 2276 Klotz.

295 1703 407 1746 duos
430 1703 574 1747 libros
590 1703 940 1760 manuscriptOS,
966 1703 1163 1748 alterum
1179 1703 1332 1746 Hulsii
1349 1703 1547 1748 alterum
1562 1703 1966 1760 Boendermakeri,

295 1762 351 1804 de
383 1762 550 1818 quibus
582 1778 619 1807 v.
654 1777 792 1819 supra
826 1764 867 1819 (ξ
893 1768 917 1805 2
951 1765 998 1806 et
1028 1767 1051 1816 ξ
1083 1769 1124 1818 4,
1150 1765 1215 1819 3),
1263 1762 1413 1806 editor
1450 1763 1696 1807 nonnullas
1736 1763 1965 1808 editiones

294 1820 584 1874 vetustioreS,
626 1821 675 1863 in
713 1821 785 1864 his
823 1835 962 1864 unam
1003 1821 1059 1865 de
1097 1821 1384 1878 principibus
1415 1824 1469 1865 ut
1498 1821 1680 1866 videtur
1711 1821 1785 1879 (cf.
1816 1821 1961 1878 praef.

295 1895 338 1936 p.
357 1879 594 1936 LXXXX),
622 1879 754 1936 adiit,
779 1894 973 1935 quarum
995 1880 1218 1924 lectiones
1241 1879 1290 1923 in
1314 1880 1712 1924 observationibus
1738 1880 1966 1936 enotavit3

294 1938 469 1982 ibidem
506 1939 676 1982 multas
710 1938 995 1982 coniecturas
1026 1939 1241 1996 protulit,
1281 1953 1475 1995 quarum
1506 1942 1686 1996 partem
1709 1939 1965 1996 Wielingio

296 1996 443 2040 amico
491 1997 705 2042 debebat.
775 1998 971 2041 Textum
1016 1997 1201 2053 qualem
1240 2011 1294 2041 ex
1330 1997 1738 2055 Lindenbrogiana
1774 1998 1966 2054 recepit,

295 2055 442 2099 rarius
494 2055 768 2101 immutavit.
824 2083 878 2089 -
928 2057 1058 2100 Hanc
1111 2056 1419 2100 Westerhovii
1472 2056 1724 2101 editionem
1776 2056 1967 2113 repetiit

296 2114 348 2159 G.
390 2114 708 2159 Stallbaum
761 2115 934 2159 additis
988 2115 1189 2159 Bentleii
1243 2118 1290 2160 et
1350 2115 1577 2172 Scbopeni
1629 2115 1679 2159 in
1732 2115 1966 2160 Donatum

296 2173 693 2218 observationibus
726 2173 926 2230 (Lipsiae
961 2188 1000 2217 a.
1028 2177 1287 2232 1830—31).

417 2233 457 2288 7)
504 2232 696 2276 Editio
750 2233 1066 2290 Lipsiensis
1121 2247 1159 2277 a.
1203 2238 1448 2277 1838—40
1492 2232 1743 2277 Reinholdi
1786 2233 1964 2278 Klotz.

295 2290 383 2334 Hic
413 2292 641 2346 quomodo
671 2305 768 2335 rem
801 2291 1062 2348 absolverit,
1094 2291 1193 2349 ipse
1223 2291 1403 2336 indicat
1432 2291 1483 2335 111
1511 2291 1801 2349 praefatione
1830 2307 1874 2348 p.
1899 2291 1964 2338 V:

298 2349 641 2394 ‘adnotationes
693 2350 943 2395 nonnullae
988 2351 1092 2395 Aeli
1138 2351 1309 2395 Donati
1363 2364 1481 2407 quae
1533 2350 1583 2394 in
1635 2350 1967 2395 vetustioribus

297 2407 578 2452 editionibus
609 2409 932 2475 leguntur..
967 2422 1021 2452 ex
1052 2409 1334 2454 editionibus
1365 2409 1564 2467 volgatis
1589 2409 1889 2476 exciderunt.

298 2466 495 2522 denique
549 2467 782 2513 editores.
847 2445 1030 2512 ,multa
1083 2482 1213 2512 secus
1268 2482 1322 2512 ac
1374 2468 1592 2526 leguntur
1637 2468 1686 2511 in
1732 2468 1965 2513 veteribus

297 2525 580 2569 editionibus
612 2526 999 2572 constituerant.
1064 2527 1180 2572 ,His
1212 2541 1298 2585 ego
1328 2526 1629 2571 incommodis
1661 2541 1800 2582 quom
1821 2526 1966 2594 libros

298 2597 437 2627 manu
477 2584 706 2641 scriptos.
771 2599 926 2629 ,nunc
971 2563 1158 2642 quidem
1204 2585 1410 2630 nancisci
1446 2600 1539 2630 non
1575 2585 1850 2642 potuissem,
1899 2586 1965 2630 sic

230 2686 235 2691 ,
298 2642 471 2687 mederi
496 2643 665 2698 studui,
690 2623 744 2687 ut
767 2622 881 2688 duas
907 2643 1132 2688 editiones
1154 2645 1528 2700 antiquissumas,
1551 2644 1810 2702 principem
1825 2659 1965 2688 unam

298 2715 416 2757 quae
454 2701 600 2746 fertur
639 2702 736 2746 sine
773 2702 874 2747 loco
913 2704 960 2746 et
999 2717 1117 2747 anno
1158 2703 1205 2762 [i.
1247 2717 1284 2749 e.
1324 2703 1703 2760 Argoratensem,
1744 2718 1785 2748 v.
1827 2718 1967 2760 supra

298 2759 383 2804 sub
402 2761 478 2819 1)]‚
511 2760 704 2805 alteram
720 2761 947 2806 Venetam
971 2761 1080 2806 anni
1107 2767 1218 2806 1485
1246 2763 1294 2821 [a
1317 2761 1660 2819 Calphurniana
1682 2763 1963 2864 pendetil-l..

296 2818 601 2885 potissumum
635 2856 643 2864 .
677 2855 686 2864 .
722 2856 730 2864 .
765 2821 1012 2876 sequerer’.
1073 2820 1190 2864 Hinc
1229 2820 1343 2864 satis
1383 2823 1597 2878 apparet,
1635 2835 1775 2877 quam
1806 2821 1855 2865 fa
1893 2822 1966 2866 aci

296 2876 474 2922 nitatur
502 2877 804 2923 fundamento
835 2879 949 2933 haec
980 2878 1137 2924 editio.
1183 2880 1403 2924 Attamen
1433 2893 1490 2924 ne
1514 2879 1663 2935 iniqui
1687 2879 1844 2938 simus,
1875 2881 1966 2925 hoc
