2020 3152
203 144 265 187 VI
867 145 1026 187 PRAE
1033 145 1221 188 FATIO.

205 265 396 332 [1883]
447 271 695 316 317—47
754 272 802 316 et
855 265 1148 317 ‘Euanthius
1203 270 1260 317 de
1306 270 1496 330 fabula,
1549 271 1771 318 Donatus
1819 271 1878 319 de

204 339 470 390 comoedia'
517 345 567 389 in
616 344 807 406 Fragm.
858 342 989 391 Com.
1033 342 1195 390 Graec.
1239 344 1310 390 ed.
1349 344 1525 390 Kaibel
1563 344 1588 391 I
1621 338 1879 411 62—71)‚

204 416 511 463 Eduardus
569 416 1043 464 Scheidemantel
1099 410 1460 482 (Quaestiones
1515 414 1877 466 Euanthianae'

202 489 333 550 Lips
378 483 568 555 1883),
622 490 913 538 Henricus
969 490 1367 553 Gerstenberg
1421 485 1539 557 (‘De
1592 492 1879 555 Eugraphio

202 564 418 610 Terentii
471 558 756 624 inter-'p1ete
811 564 955 611 Ienae
1007 561 1192 626 1886),
1246 564 1282 611 Ι.
1331 565 1367 611 I.
1417 565 1703 612 Hartman
1758 558 1876 631 (De

203 637 430 684 Telentio
471 639 518 684 et
557 633 771 684 Donato'
811 637 966 720 1111811.
999 639 1107 684 Bat.
1145 631 1324 704 1895),
1367 638 1583 686 Paulus
1623 639 1877 686 Rabbow

201 703 318 775 (De
357 710 541 757 Donati
580 713 851 758 commento
890 712 941 757 in
975 712 1258 759 Terentium
1296 713 1539 774 specimen
1579 713 1877 760 observatio-

200 801 317 830 num
348 779 579 845 primum’
611 785 662 830 111
694 784 821 831 Α1111.
854 785 1021 847 philol.
1052 786 1207 846 1897,
1241 779 1535 846 305—42),
1567 786 1877 834 Eduardus

202 858 447 919 Smutny
486 853 603 922 (De
644 858 938 906 scholiorum
971 860 1376 907 Terentianorum
1416 876 1539 920 quae
1571 860 1659 907 sub
1692 860 1876 907 Donati

199 932 394 980 nomine
426 932 650 978 feruntur
682 932 960 980 auctoribus
995 935 1043 980 et
1068 933 1286 981 fontibus
1313 934 1624 994 quaestiones
1649 930 1876 980 selectae'

199 1005 250 1051 in
291 1005 417 1052 Diss.
458 1005 625 1065 philol.
652 1005 861 1052 Vindob.
885 1006 958 1052 VI
992 1002 1180 1070 [1898]
1220 1008 1360 1055 93—-
1290 1001 1511 1073 —.137)
1549 1034 1610 1039 ——
1653 1007 1876 1068 Denique

200 1079 476 1125 addendum
524 1082 598 1125 est
643 1095 718 1126 me
764 1080 927 1140 ipsum
967 1080 1024 1127 de
1064 1080 1249 1127 Donati
1288 1083 1560 1129 commento
1600 1081 1877 1142 disputasse

199 1154 250 1198 in
281 1153 402 1200 Mus.
436 1153 587 1198 Rhen.
622 1152 714 1199 LII
739 1145 931 1219 (1897)
967 1155 1109 1202 69—-
1115 1155 1180 1201 98
1217 1150 1350 1216 (Die
1374 1143 1748 1217 11116111616111118
1779 1170 1875 1203 von

198 1226 311 1272 Aeli
356 1227 540 1273 Donati
594 1229 919 1274 commentum
966 1221 1205 1293 Terenti')
1262 1231 1310 1276 et
1361 1228 1415 1274 in
1468 1229 1876 1277 commentatione

198 1300 528 1362 gratulatoria
572 1300 836 1363 philologis
882 1301 1278 1364 paedagogisque
1316 1300 1604 1348 Germaniae
1645 1318 1688 1350 a.
1733 1304 1872 1350 1899

197 1373 427 1420 Bremam
475 1374 784 1421 conventuris
824 1374 1048 1422 dedicata
1089 1369 1572 1440 (‘Untersuchungen
1611 1393 1694 1422 zur
1732 1377 1873 1423 16161-

197 1447 396 1494 nischen
444 1443 940 1494 Scholienlitteratur'
985 1465 1031 1510 p.
1076 1443 1291 1514 1—28).

976 1667 1087 1730 §L

846 1772 1224 1820 Testimonia.

230 1869 272 1920 1)
316 1868 506 1911 Hieron.
540 1868 688 1912 chron.
723 1869 784 1911 acl
816 1883 856 1911 a.
883 1871 996 1912 353.-
1022 1867 1312 1912 *Victorinus
1344 1871 1391 1912 et
1414 1868 1667 1912 Donatus
1692 1883 1874 1926 gram-

314 1925 576 1982 maticus,
607 1928 947 1983 praeceptor
973 1940 1145 1982 meus,
1178 1927 1351 1971 Romae
1375 1927 1580 1985 insignes
1605 1928 1870 1972 habentur.⁷

226 1986 270 2040 2)
313 1985 430 2028 idem
468 1999 618 2029 comm.
659 1987 710 2028 in
747 1987 890 2030 eccles.
916 1991 967 2029 1:
1008 1986 1145 2030 Hinc
1185 1985 1298 2042 quid
1337 1985 1487 2030 simile
1527 1986 1786 2031 sententiae
1826 1990 1875 2032 et

317 2043 518 2087 comicus
557 2043 626 2087 ait
658 2046 779 2098 (Teo
813 2045 939 2088 Eun.
969 2046 1085 2100 111οΖ
1110 2048 1187 2101 41)
1230 2044 1383 2094 »nihil
1408 2047 1478 2089 est
1509 2045 1704 2101 dictum,
1746 2047 1873 2102 quod

313 2115 406 2146 non
439 2102 500 2146 sit
531 2102 707 2146 dictum
729 2103 900 2159 prius«,
934 2104 1056 2147 unde
1080 2106 1419 2160 praeceptor
1441 2118 1592 2147 meus
1618 2104 1871 2172 Donatus

315 2175 418 2204 cum
464 2161 618 2218 ipsum
662 2162 937 2206 versiculum
984 2166 1234 2220 exponeiet
1280 2165 1530 2220 »pereant«
1569 2163 1723 2219 inquit
1763 2163 1871 2219 »qui

314 2222 422 2264 ante
454 2235 538 2265 nos
569 2222 729 2265 nostra
760 2221 1037 2267 dixerunt«.'

433 2280 524 2333 (De
550 2281 631 2324 hoc
655 2281 747 2324 loco
769 2287 883 2325 recte
906 2281 1242 2337 interpretando
1265 2295 1302 2324 v.
1320 2282 1360 2324 1.
1379 2281 1436 2324 A.
1456 2281 1624 2325 Becker
1646 2282 1698 2324 in
1716 2295 1868 2339 proqr.

311 2352 461 2394 yymn.
496 2338 1059 2396 Mayunt.1870p18)

225 2399 270 2453 3)
312 2397 430 2440 idem
468 2397 584 2452 apol.
626 2399 726 2442 adv.
767 2399 990 2453 Rufinum
1021 2403 1170 2453 1,16.·
1210 2397 1345 2442 Puto
1385 2397 1511 2453 quod
1548 2411 1663 2454 puer
1700 2398 1870 2455 legeris

312 2454 450 2511 Aspri
480 2455 530 2498 in
560 2455 818 2513 Vergilium
849 2458 896 2500 et
927 2457 1202 2501 Sallustium
1233 2456 1585 2500 commentarios
1619 2492 1628 2499 .
1656 2492 1663 2500 .
1692 2493 1700 2502 .
1735 2459 1783 2501 et
1812 2457 1869 2501 in

313 2513 567 2557 Terentii
632 2515 952 2559 comoedias
1013 2515 1406 2573 praeceptoris
1466 2515 1572 2559 mei
1633 2515 1869 2571 Donati,

313 2585 460 2628 aeque
490 2572 540 2616 in
570 2572 830 2630 Vergilium
861 2576 908 2618 et
940 2574 1135 2618 aliorum
1165 2574 1215 2618 in
1248 2573 1396 2618 alios.'

223 2634 268 2687 4)
311 2631 581 2675 Priscianus
618 2634 759 2676 instit.
798 2637 1320 2690 yramm.18,162—63
1354 2633 1456 2688 (Gr
1482 2633 1537 2676 L.
1561 2633 1655 2676 III
1669 2636 1777 2687 281,
1796 2637 1870 2688 7)

315 2690 606 2734 ‘Ausculto
645 2690 756 2735 tibi
796 2694 843 2735 61
881 2694 960 2736 te:
1001 2691 1366 2738 ..Terentius
1405 2691 1455 2735 in
1493 2691 1670 2734 Andria
1703 2727 1711 2734 .
1739 2727 1747 2735 .
1777 2728 1784 2735 .
1818 2691 1868 2734 in

313 2748 476 2791 eadem
501 2750 615 2803 (III
633 2753 675 2805 3,
692 2753 740 2806 4)
773 2750 1016 2817 »ausculta
1045 2765 1216 2808 pauca:
1251 2753 1298 2794 et
1328 2750 1440 2806 quid
1473 2764 1558 2807 ego
1588 2752 1636 2794 te
1658 2749 1796 2794 velim
1820 2753 1869 2794 et

311 2808 364 2850 tu
396 2807 520 2862 quod
551 2808 734 2863 quaeris
768 2808 986 2855 scies«—
1003 2824 1090 2854 nec
1121 2809 1243 2854 enim
1275 2809 1413 2853 aliter
1440 2810 1535 2852 stat
1556 2807 1754 2864 iambus,
1785 2808 1867 2864 qui

311 2867 382 2909 est
420 2865 742 2920 quaternarius
783 2894 860 2922 ——,
904 2869 1027 2924 quod
1067 2868 1209 2913 etiam
1246 2867 1460 2912 Donati
1499 2869 1867 2912 commentum

311 2925 571 2981 app1·.’0bat
